4017 5217
776 75 1155 215 Supplernentum.
1650 88 1676 187 8
1682 118 1746 225 37

138 288 158 321 “
171 279 292 362 quinatis
303 279 363 340 srint
384 278 439 356 (r).
479 266 586 340 Verum
599 280 750 342 eorundem
764 278 835 340 aaa
857 282 1003 359 descripta,
1026 294 1111 360 atque
1124 280 1179 341 iic
1197 279 1347 344 transmissa
1359 285 1426 346 dum
1440 278 1579 369 leguntur,
1600 291 1711 356 heroica
1724 296 1750 357 in

133 366 156 397 ⁴⁸
175 376 295 439 quatuor
306 358 379 419 hisce
394 357 535 440 Religiofis
547 356 620 418 Viris
630 358 797 430 addititiam
808 354 988 419 Voluntatem
999 358 1187 421 Consormatis
1202 361 1345 429 elucescit,
1366 378 1478 442 paratus
1497 377 1622 449 aqueae
1639 394 1752 455 promp-

131 447 155 475 ⁴⁴
175 456 216 500 tus
228 441 284 501 sire
298 442 332 498 ad
343 436 475 505 Exilium,
498 438 554 496 sire
566 439 601 499 ad
623 438 745 497 Mortem
758 434 886 507 Animus,
909 451 992 516 prout
1005 436 1105 501 divina
1119 437 1267 501 Voluntati
1278 443 1476 521 complacitum
1489 446 1572 519 soret,
1592 456 1639 512 eui
1656 451 1749 515 Vitam

133 525 154 555 ⁴¹
174 517 256 585 suarm
278 516 459 595 Mortemque
470 516 573 595 pariter
583 515 819 576 consecraverant.
926 516 931 521 ’
1179 534 1184 539 “

170 607 189 632 “
211 597 402 658 Possessio
418 609 512 655 autem
527 594 618 656 Nemo
631 594 760 657 Vesln'im
793 596 871 655 rocul
896 592 993 655 Dubio
1007 596 1057 661 ell,
1078 593 1126 656 cui
1138 595 1186 657 illa
1200 596 1296 678 ignota
1320 597 1381 666 suit,
1398 623 1463 681 qua
1484 603 1589 666 celebri
1606 606 1748 673 Fischerio

133 684 154 713 ⁸⁴
174 676 280 735 Roseusi
296 676 414 753 Eiscopo
433 674 474 749 (s)
486 673 660 733 acciderunt.
701 673 758 733 llic
805 674 890 735 enrici
907 672 973 731 VIII
994 673 1040 733 An
1061 674 1102 734 liae
1113 676 1194 756 Regis
1216 679 1297 755 Jull'u
1313 675 1339 736 iri
1352 685 1467 759 angusto
1486 684 1607 746 carcere
1620 699 1685 749 etim
1699 696 1749 753 de·

133 761 153 789 ‘¹
173 754 315 823 sineretur,
336 757 410 831 quod
423 752 490 830 Legi
505 752 544 809 illi
554 756 693 814 adhaerere
714 753 871 827 recusasset,
892 756 958 830 qus.
972 755 1031 811 Rex
1042 696 1206 833 Supremum
1221 754 1247 814 se
1263 755 1425 834 Anglicanae
1437 757 1563 822 Ecclesia
1573 764 1666 844 Caput
1681 789 1749 830 con·

131 841 151 867 ‘⁶
171 832 302 899 siluerat,
325 851 478 912 purpureus
490 830 579 891 eidem
591 833 711 889 Galerus
724 840 742 889 a
757 832 887 891 Pontifite
901 831 987 893 Paulo
1000 830 1040 887 III
1051 852 1100 909 per
1120 833 1191 893 ideni
1206 832 1332 912 Tempus
1343 837 1506 899 transmissus
1520 840 1581 900 suit.
1622 843 1681 904 Nos
1691 849 1743 906 Pa-

127 918 148 946 ⁴‘
169 926 238 970 trem
249 910 275 969 F
277 909 431 971 ranciscum
445 909 602 976 Serranum,
620 914 679 987 jam
695 909 815 970 Carcete
828 909 854 970 in
867 908 972 969 Odium
982 910 1143 970 Christiana
1164 911 1312 990 Religionis
1325 916 1498 985 conclusum,
1519 921 1590 979 datis
1600 922 1741 1000 Apostoli·

126 993 146 1022 “
167 987 204 1046 cis
218 988 328 1054 Uteris,
351 987 517 1067 Episcopum
527 986 561 1049 ,Τ
561 988 722 1066 ipasrtarium
737 988 936 1054 constituimus,
959 995 985 1046 ds
998 987 1154 1049 Provincia
1167 988 1304 1051 Folrienlis
1318 992 1512 1070 Apostolicum
1527 997 1554 1053 V
1556 998 1674 1061 icarium
1689 1006 1739 1064 de-

126 1075 147 1138 ‚⁴
167 1068 341 1149 signavimus,
362 1068 457 1127 additas
478 1066 675 1126 Declaratione
689 1065 866 1156 Coadjumris
878 1086 943 1126 curu
955 1072 1050 1128 liitura
1064 1066 1232 1129 Successrone
1252 1069 1279 1128 in
1294 1069 1403 1131 Locum
1427 1073 1564 1136 Antistitis
1584 1077 1741 1141 Mauricas·

126 1150 146 1179 '⁴
168 1147 266 1206 trensrs.
308 1144 434 1219 Pontifici
450 1147 535 1204 Paulo
549 1143 589 1200 Ill
602 1145 723 1205 Rosensrs
736 1145 858 1211 Vincula
873 1160 937 1205 nota
959 1160 1056 1205 etant:
1081 1144 1211 1223 Ignotum
1226 1153 1293 1208 verti
1319 1148 1407 1209 Nobis
1419 1168 1491 1219 erat,
1512 1152 1657 1216 Serranum
1671 1158 1737 1220 item

126 1232 146 1260 “
168 1226 290 1284 vinslum
305 1224 399 1285 teneri.
440 1222 506 1281 Hoc
520 1226 654 1283 duntaxat
668 1222 839 1283 Discriminis
852 1224 925 1283 inter
937 1245 1035 1290 unum,
1057 1240 1141 1302 atque
1152 1225 1238 1285 alium
1251 1227 1405 1288 intercedit.
1446 1234 1584 1293 Caeterum
1597 1236 1739 1316 utriusque

123 1311 143 1341 “
164 1304 236 1364 idem
249 1303 323 1363 Finis
335 1302 406 1368 suit;
429 1311 504 1366 cum,
524 1304 756 1379 quemadmodum
767 1301 947 1367 cardinalitia
958 1301 1073 1377 Insignis
1084 1303 1151 1363 nibil
1163 1304 1238 1364 aliud
1252 1305 1361 1366 Roseasi
1377 1307 1544 1377 tribuerunt,
1567 1312 1614 1372 nili
1628 1327 1659 1374 ut
1674 1337 1738 1395 pro·

96 1434 98 1437 .
123 1384 143 1418 “
164 1383 256 1443 funda
270 1380 444 1441 Humilitatis
458 1382 720 1450 Aslutrrexerceret,
741 1385 766 1438 δι
782 1382 946 1459 praeclarum
957 1378 1160 1441 Testimonium
1173 1384 1324 1460 acciperet,
1346 1386 1450 1463 q'uanta
1462 1386 1582 1449 Virtutis
1594 1391 1667 1453 illins
1680 1397 1723 1456 Ra

121 1466 143 1496 “
164 1461 203 1522 iio
213 1464 287 1539 apud
303 1461 461 1520 Pontificem
482 1459 544 1517 esset
559 1482 568 1524 t
590 1461 625 1519 sic
638 1458 670 1519 eii
683 1459 778 1520 nostris
798 1457 963 1537 Apostolicis
977 1457 1075 1518 Litesis
1088 1458 1154 1519 nihil
1169 1460 1243 1520 aliud
1268 1461 1386 1522 Serrano
1400 1464 1535 1524 tributum
1551 1473 1598 1537 est,
1620 1472 1667 1533 nili
1679 1475 1739 1533 Ar-

122 1544 145 1575 “
164 1554 337 1620 guimarum
355 1537 455 1629 quanti
465 1535 549 1596 etiam
563 1535 622 1596 Nos
636 1537 712 1597 illum
723 1536 821 1597 merito
833 1538 1006 1602 taceremusr
1028 1559 1088 1615 quae
1099 1537 1211 1616 quidem
1232 1541 1323 1600 noslra
1346 1544 1380 1601 de
1390 1541 1439 1602 illo
1453 1545 1612 1607 AEssimatio
1623 1554 1740 1628 praela.
1772 1608 1774 1611 ,

123 1626 144 1655 “
166 1620 202 1676 ris
218 1617 392 1677 Hurnilltarrs
403 1615 545 1692 praecipua
557 1611 733 1695 Teslirunnijs
746 1620 826 1676 sueta
839 1619 888 1683 eit,
911 1612 1113 1692 &obsequiosa
1123 1615 1295 1679 Obedientiae
1311 1617 1371 1683 sua.
1393 1641 1477 1697 quam
1491 1622 1582 1682 Nobis
1602 1648 1650 1705 per
1663 1629 1736 1691 idem

116 1700 143 1737 ‘⁸
164 1695 292 1775 Tempus
305 1694 439 1760 exhibuit.
480 1692 516 1752 Et
533 1697 767 1768 quemadmodum
782 1692 978 1754 Cardinalitius
990 1693 1120 1761 Galerus,
1142 1704 1158 1753 a
1173 1696 1257 1756 Paulo
1270 1695 1309 1769 III
1325 1698 1433 1757 Rosensi
1448 1703 1623 1777 transmislirs,
1642 1706 1737 1768 Vitam

119 1781 142 1813 ⁰
164 1774 205 1835 illi
218 1776 385 1834 incolumen
398 1771 511 1831 minime
523 1769 657 1849 prastitit,
675 1792 760 1849 quam
770 1770 842 1833 idem
856 1774 940 1850 paulo
953 1774 1012 1850 post
1028 1792 1077 1851 pro
1089 1773 1341 1852 SanctaReligione
1352 1776 1470 1836 libenter
1480 1781 1616 1849 devovitr
1640 1786 1676 1845 sic
1690 1808 1739 1845 ne-

119 1860 139 1889 “
160 1875 218 1932 que
230 1851 410 1931 Episcopalis,
431 1871 465 1911 ac
480 1849 640 1910 Vicariatlls
649 1849 802 1929 Apostolici
815 1850 943 1932 Dignitas
962 1849 1080 1912 Serrano
1094 1859 1111 1911 ί
1125 1851 1216 1911 Nobis
1225 1854 1328 1913 collata
1341 1855 1465 1934 gloriosa
1475 1862 1592 1920 eundem
1605 1863 1734 1945 Martyrij

117 1936 140 1969 ‘⁴
162 1934 267 1992 Palma
279 1952 312 1991 ex
332 1947 417 1991 errem
430 1929 508 1991 secia

156 2020 181 2049 “
204 2009 289 2070 Hac
313 1953 365 2069 iint
385 2007 531 2087 praecipua.
553 2006 729 2071 Venerabiles
744 2006 865 2075 Fratres,
879 2027 940 2085 qua
952 2009 987 2070 de
1000 2004 1115 2067 strenuis
1127 2007 1199 2067 bisce
1210 2023 1333 2085 quatuor
1345 2010 1407 2087 Jesu
1422 2011 1525 2074 Clrrilli
1543 2016 1663 2078 Atlrletis
1675 2020 1737 2082 Vn·

115 2098 139 2125 ⁴‘
161 2090 206 2150 bis
217 2092 380 2169 exponenda
393 2087 446 2147 esse
470 2085 631 2145 censuimus.
671 2085 810 2146 Caeterum
825 2106 887 2146 eam
900 2084 959 2144 Nos
972 2085 1158 2161 Qiaestionem
1173 2086 1200 2144 in
1212 2088 1308 2146 Medio
1321 2090 1526 2167 relinquendam
1539 2095 1734 2166 existimamus.

115 2176 138 2205 “
160 2186 225 2229 uter
238 2171 356 2229 duorum
369 2165 519 2231 Ordinum,
541 2163 753 2229 DominIcanur.
773 2185 809 2222 an
834 2161 1046 2227 Franciscanus,
1068 2162 1171 2242 primm
1186 2164 1278 2226 suerit,
1289 2167 1338 2243 qui
1353 2170 1455 2228 sanetas
1467 2167 1493 2227 in
1507 2168 1609 2233 Sinensi
1619 2173 1755 2253 Imperio,

112 2255 136 2284 “
156 2246 295 2309 Missrones
310 2256 461 2324 perageret.
503 2242 573 2304 Illud
587 2240 699 2319 quidem
713 2248 789 2301 certe
801 2241 1008 2304 affirmabimus,
1021 2244 1058 2300 ad
1072 2244 1131 2302 haee
1141 2241 1229 2319 usque
1241 2240 1383 2322 Tempora
1397 2250 1494 2306 decem
1507 2268 1540 2307 ex
1552 2250 1737 2317 Dominicana

112 2335 134 2363 ‘⁸
158 2323 280 2385 Familia
295 2323 377 2382 Viros
390 2320 529 2383 numerari
545 2321 600 2395 (r).
621 2321 668 2398 qui
683 2320 710 2378 in
732 2319 830 2379 Sinensr
845 2319 965 2380 Illiffione
979 2320 1100 2380 Mortem
1115 2339 1166 2394 pro
1180 2320 1282 2380 Christi
1298 2322 1367 2382 Fide
1381 2345 1429 2403 per
1443 2324 1565 2386 inaudita
1580 2326 1737 2395 Tornrenta

111 2414 135 2445 κ
157 2402 337 2484 appetierunt
352 2424 361 2467 ς
383 2420 501 2478 quorum
521 2400 632 2478 quidem
653 2399 750 2459 Causa
764 2398 791 2459 iu
811 2396 959 2457 Sacrorum
975 2397 1088 2457 Rituum
1102 2398 1327 2489 congregatione
1340 2402 1401 2464 alia
1409 2407 1470 2482 jain
1482 2402 1652 2473 introducta.
1673 2411 1735 2473 alia

21 2512 22 2515 ¹
107 2493 131 2522 ⁴⁴
156 2487 227 2544 vero
243 2481 371 2562 proxima
381 2479 451 2542 sunt.
473 2494 505 2537 ut
518 2479 742 2539 introducantur.
783 2476 986 2559 Quamobrem,
1009 2476 1188 2537 Venerabiles
1203 2478 1324 2544 Fratres,
1335 2482 1469 2555 quoniam
1482 2482 1592 2543 Nemini
1608 2486 1735 2550 Vestrum

110 2572 134 2600 “
157 2560 273 2640 ignotus
286 2562 325 2620 esl
349 2558 443 2618 infelix
458 2556 559 2623 Status,
582 2557 638 2637 qud
651 2572 763 2635 propter
775 2573 886 2616 atroces
903 2554 1108 2617 Perseautiones
1118 2555 1206 2616 saneta
1232 2557 1276 2615 illa
1292 2557 1379 2618 Missis
1395 2560 1420 2617 in
1436 2560 1548 2638 praesens
1559 2566 1668 2626 redasla
1683 2572 1732 2635 ell,
1756 2582 1761 2590 '

109 2652 132 2680 ‘¹
155 2628 243 2701 'restat
255 2642 327 2717 jam.
348 2653 379 2697 ut
389 2637 525 2697 servantes
541 2656 590 2714 pto
602 2637 649 2694 illa
660 2634 811 2711 conjunslis
824 2633 904 2693 Votis
914 2632 1012 2693 divina
1023 2633 1164 2710 Majeslati
1177 2636 1273 2695 Preces
1284 2636 1466 2715 porrigamus,
1488 2646 1589 2719 magna
1603 2641 1656 2720 Spe
1670 2646 1736 2706 steri

106 2725 129 2760 “
153 2733 186 2779 ut
202 2720 299 2779 eadem
310 2719 345 2775 de
358 2713 464 2774 excelso
476 2714 581 2775 Gloria
594 2713 644 2774 luae
661 2703 735 2771 Solio
747 2710 838 2772 Nobis
856 2711 977 2788 benigne
995 2728 1099 2770 annuat
1113 2734 1122 2774 ;
1143 2713 1274 2788 quoniam
1289 2713 1453 2775 Abrabamo
1468 2715 1646 2798 interroganti
1663 2726 1711 2799 (a)
1726 2743 1734 2787 :

106 2808 130 2838 ‘¹
185 2797 248 2860 uid.
281 2821 290 2853 r
305 2798 420 2853 inventi
430 2791 589 2869 ibisuerint
602 2792 718 2849 decern?
739 2788 904 2867 Respondit:
927 2789 988 2847 Nori
999 2786 1090 2846 delebo
1108 2805 1220 2864 propter
1232 2793 1338 2850 Decem.

192 2797 303 2939 XXV.
321 2873 392 2956 Pag.
410 2873 480 2935 186.
497 2870 561 2933 Lit.
580 2893 607 2934 e.
632 2866 695 2931 Ubi
711 2868 809 2951 agitur
823 2868 858 2930 de
874 2866 958 2929 Urbe
973 2866 1134 2931 Dublr'nicn
1148 2893 1169 2939 r,
1191 2868 1540 2955 subjunge--tntiper
1565 2874 1735 2961 Antiquitas

102 2964 173 3050 ejus
189 2962 272 3025 haud
287 2958 407 3023 obscure:
433 2955 583 3040 colligitur
598 2976 636 3018 ex
660 2956 753 3020 Libro
769 2950 866 3036 Nigro
881 2951 1022 3016 Ecclesroe
1037 2950 1111 3015 Chri
1137 2957 1149 3012 i
1159 2973 1239 3049 ‘mox
1257 2955 1448 3029 recensendae,
1470 2958 1519 3020 ubi
1546 2960 1612 3023 liaec
1636 2963 1735 3047 legere

103 3051 172 3115 elle
198 3048 338 3113 Fornicer
345 3042 476 3130 fundati
478 3041 571 3128 suere
583 3049 603 3103 ri
617 3042 715 3103 Daris
729 3044 797 3104 ant?
811 3040 974 3104 Adventum
992 3044 1023 3104 S.
1035 3041 1162 3120 Patritr'j
1179 3043 1210 3100 in
1223 3040 1411 3114 Hiberniam,
1444 3046 1501 3125 qud
1518 3044 1658 3130 Tcrnpore
1673 3051 1732 3113 Ec-

105 3137 198 3225 ‘sista
216 3133 293 3211 chrj
319 3120 331 3195 ξ·
352 3145 382 3195 m
396 3150 430 3192 ea
443 3151 494 3189 non
506 3139 572 3191 erat
586 3130 704 3201 Forma,
725 3124 835 3210 qualem
859 3148 934 3189 nanc
946 3125 1085 3202 exhibet3
1107 3132 1197 3207 quari
1225 3131 1255 3192 S.
1270 3126 1419 3189 Patritr'iis
1434 3126 1557 3213 Mrffimr
1573 3134 1734 3201 celebravit

101 3228 138 3286 r‘n
155 3245 213 3287 ano
227 3241 265 3283 ex
304 3216 457 3287 amicilia,
471 3218 520 3298 qui
546 3214 658 3277 Fornix
688 3212 717 3276 S.
742 3210 856 3295 Pattitij
873 3222 1055 3294 nuncupatur
1081 3209 1167 3297 iisque
1189 3218 1220 3276 i'n
1235 3213 1399 3276 hodiernum
1418 3214 1515 3278 Diem.
1559 3215 1676 3304 Ipseque
1700 3229 1732 3287 S.

104 3311 269 3373 patritius
283 3304 482 3388 prosperavit,
502 3298 653 3383 Ecclesiam
670 3295 783 3380 Christi·
810 3319 840 3360 eo
860 3301 891 3361 in
904 3294 1211 3379 Locoaedt'ficaltirnt'ri'
1223 3296 1347 3381 suturis
1360 3298 1558 3385 Temporibus.
1601 3303 1734 3372 Succlnit

102 3393 247 3484 Jacobur
272 3387 418 3476 Ufferiirs‚
442 3386 686 3470 Archiepiscopua
700 3386 882 3448 Arminius
896 3382 1099 3456 Acarhollcus,
1123 3386 1159 3446 de
1179 3385 1416 3448 Britannicarum
1436 3385 1628 3472 Ecclefiariirn
1643 3393 1735 3458 Anti-

127 3482 284 3548 uitatr'bar
319 3479 390 3560 Pag.
418 3494 491 3557 459.
523 3473 615 3536 Porro
643 3470 672 3535 S.
696 3472 847 3535 Patritr'as
860 3469 889 3532 in
906 3468 1079 3533 Hilernianr
1093 3469 1210 3535 advenit
1236 3470 1323 3532 Anno
1347 3468 1432 3534 AErae
1451 3471 1628 3541 Chrislianae
1657 3500 1736 3565 433,

100 3512 220 3652 ibique
244 3519 399 3649 ngriosam
413 3557 522 3623 efflavit
538 3557 678 3623 Animam
695 3554 869 3639 Anno493,
884 3554 1053 3623 AEtatisluae
1069 3574 1142 3627 120,
1165 3552 1421 3653 Apouotaitsoo.
1467 3558 1560 3638 Qrod
1576 3562 1596 3625 si
1610 3566 1733 3648 objiciat

97 3652 274 3741 quispiam,
294 3649 394 3711 Darios
407 3646 485 3710 haud
514 3640 761 3725 suisseDriblr'nr‘j
775 3644 864 3725 usque
881 3640 916 3703 ad
933 3641 1069 3704 Annum
1086 3659 1161 3724 795,
1183 3656 1215 3703 ut
1232 3663 1270 3703 er
1286 3642 1420 3724 genuinis
1440 3644 1555 3709 constat
1575 3647 1732 3735 Historiis:
1819 3682 1827 3689 ’

97 3744 127 3807 F
128 3739 215 3807 acile
234 3732 449 3820 respondebitur
462 3729 634 3803 dicendo,id
650 3726 823 3793 verumesie
837 3728 873 3791 de
883 3729 980 3791 Donis
993 3728 1054 3810 qual
1068 3726 1259 3791 Praedoriibus
1275 3730 1306 3790 dc
1321 3726 1736 3812 Expugnatoribos,nonverd

96 3832 138 3894 de
154 3826 264 3892 Dinis
278 3823 337 3906 quai
353 3817 583 3890 Mercatoribus,
606 3818 637 3879 dr
655 3815 858 3885 Piscator'rbun
872 3812 902 3876 hi
917 3812 1067 3898 quippein
1079 3814 1227 3876 maritima
1244 3812 1297 3875 illa
1309 3813 1518 3902 Lageni‘snstum
1532 3818 1624 3927 Plaga
1638 3823 1705 3885 vers
1720 3858 1734 3871 ·

97 3918 222 3981 bantur
236 3910 275 3973 ab
303 3905 392 3970 Initio
407 3903 515 3975 Saeculi
531 3901 671 3965 Ecclesiae
687 3898 810 3980 Qarti.
832 3899 930 3983 ijsdem
957 3918 989 3963 ut
1003 3920 1042 3961 ex
1065 3898 1201 3981 Historiis
1225 3898 1448 3965 luculentissime
1463 3919 1553 3986 patet.
1576 3906 1735 3971 (aterum

95 4004 200 4085 longe
219 4000 290 4060 amp
314 3994 468 4076 Tempu,ra
496 3987 548 4053 ista
567 3989 686 4050 extabat
717 3985 900 4058 Dnblirrr’unr,
931 3985 1150 4076 Nuncupatum
1164 3985 1274 4050 asiana
1287 3984 1408 4051 Ciuitas
1427 3989 1609 4066 aiPtolomco‚
1633 3993 1737 4079 insigni

95 4082 318 4172 Geograplio,
340 4079 391 4164 qui
407 4076 507 4141 floruit
521 4078 610 4140 Auno
625 4070 736 4201 §bristi
752 4092 823 4155 ¹40·
1611 4163 1730 4246 QUO„
1764 4144 1769 4161 .

145 4376 202 4455 (r)
230 4370 301 4432 Item
311 4367 375 4429 Lib.
391 4383 421 4443 3.
431 4365 503 4445 Cap.
517 4380 565 4424 20.
576 4363 663 4422 Num.
683 4379 727 4423 ia.
743 4367 768 4422 ἃ
786 4358 841 4440 seq.
922 4377 932 4557 p
977 4359 1020 4435 (il
1042 4356 1094 4419 Ser
1107 4373 1294 4422 memorantur
1308 4354 1335 4416 in
1359 4358 1469 4416 laudata
1485 4356 1605 4433 eiusdem
1625 4358 1732 4422 Summi

166 4454 197 4526 s)
224 4448 251 4508 Is
270 4448 323 4509 suit
349 4442 581 4526 prinnini«,
610 4441 763 4519 Eiscopus
786 4439 916 4520 Rofrnſss,
937 4439 1077 4499 Pontifieis
1103 4437 1294 4528 Allocutipne‚
1317 4434 1413 4527 babiti
1433 4435 1491 4527 Die,
1505 4434 1541 4505 ιβ
1565 4437 1734 4533 Septembris

100 4458 209 4614 vulgo
218 4528 307 4588 Rache
329 4549 370 4594 er,
385 4516 573 4587 necnonS.'R.
587 4520 619 4580 E.
631 4464 795 4585 sarsinatis,
807 4518 855 4597 qui
866 4518 915 4590 sub
926 4519 1033 4615 ¹1748:
1056 4516 1185 4598 Qatuor
1207 4514 1254 4594 alij
1270 4512 1342 4586 sunt,
1362 4534 1411 4593 qui
1434 4534 1461 4575 in
1486 4518 1540 4576 hac
1557 4518 1736 4581 Alloeutione

100 4614 239 4676 Hierico
251 4529 329 4665 VIVI
341 4624 391 4685 pro
402 4600 527 4662 Primam
541 4601 655 4660 Romani
666 4598 805 4659 Pontificis
817 4596 917 4675 Capite
940 4595 1127 4661 recensentur.
1710 4662 1714 4669 Ι

98 4694 217 4773 filaus
243 4689 281 4749 ell
303 4682 416 4745 Lindius
434 4698 471 4739 22
495 4679 571 4759 Junij
590 4691 675 4754 1535,
695 4680 764 4741 ficut
787 4658 937 4813 &Equesl
980 4675 1036 4756 (a)
1058 4676 1163 4754 Genefis
1176 4672 1247 4752 Cap.
1263 4666 1368 4734 XVIII.
1382 4669 1590 4771 VerstXXXIl.

96 4767 348 4841 fhomasMsritr,
369 4759 458 4842 Regni
469 4757 670 4823 Camellarius.
