4017 5217
485 336 488 342 Α
602 262 608 276 ’
697 244 1066 385 Supplemenrum(
1239 308 1244 319 ·
1647 278 1748 387 933
1791 339 1800 351 .

117 448 139 484 ⁸¹
160 440 339 503 Venerabile's
365 439 485 511 Fratres,
504 440 647 506 excelso&
658 440 754 506 illustri
765 443 828 505 loco
842 441 1100 522 potentatuum,
1121 442 1211 507 vestro
1223 444 1370 526 conspecu
1384 461 1553 514 recreamur,
1565 444 1623 507 Vos
1634 412 1748 514 ad'utb-

120 527 142 559 ⁴⁸
162 539 205 581 rer
224 516 348 587 Nostros,
380 520 437 581 Vos
451 520 592 582 Domioici
613 520 715 600 Gregis
728 523 863 592 custodes,
882 538 916 579 ac
943 516 1119 599 Euangelicae
1133 521 1227 585 Vince
1250 523 1391 604 operarios
1414 524 1519 584 summa
1542 523 1626 585 animi
1680 533 1743 590 ostri

121 605 143 636 n
160 597 336 677 jucunditate
348 597 545 691 agnoscimus·
569 598 627 681 Ql
640 598 726 691 igitur
740 597 846 661 Nolite
860 595 1039 657 solicitudinis
1062 616 1167 678 partem
1183 598 1324 670 sustineris,
1345 601 1373 662 in
1388 600 1445 680 ipso
1458 601 1638 737 Apostnlatus
1651 600 1746 670 Nostri
1843 618 1847 625 “
1888 588 1939 713 Ἰ

123 681 144 712 “
164 675 275 736 exordio
285 677 389 755 alloqui
403 676 461 737 Vos
474 696 592 739 martme
602 696 741 755 cupimus,
760 692 846 755 atque
860 674 887 734 in
897 675 983 735 sinum
998 677 1116 737 restrum
1130 675 1240 738 intimor
1253 677 1351 740 mentis
1361 677 1468 740 Nostrae
1493 678 1571 739 ensus
1579 681 1720 745 effundere
1732 709 1740 752 ς

124 762 145 790 ⁸‘
166 757 193 811 dr
208 752 307 831 stqnid
319 754 378 815 Vns
387 753 414 814 in
426 753 547 817 Domino
568 754 684 822 hortari,
705 772 739 815 ac
754 772 931 814 commonere
952 751 1122 822 videbimur,
1142 754 1168 816 id
1182 759 1226 817 rel
1238 754 1342 819 Nostro
1354 760 1388 819 de
1410 754 1501 817 Nobis
1513 754 1574 835 ipss
1587 756 1679 819 timori
1693 762 1741 822 tri·

124 837 145 869 ‘⁸
167 832 254 897 bulte,
276 829 320 893 eci
331 833 482 911 profectum
495 836 617 898 aveiirae
628 832 747 900 virtutis,
766 852 802 893 ac
813 831 840 891 in
854 829 914 890 Nos
926 829 1034 909 pietatis
1047 831 1149 893 fiducia
1162 832 1323 896 exillimrte.

165 919 186 946 ⁸¹
209 909 260 969 Ac
276 912 394 987 prunum
408 930 538 991 rogamus
548 910 605 971 Voa
618 909 655 972 V.
670 909 703 970 F.
717 928 751 971 ac
762 909 947 975 obsecramus,
959 928 992 969 ne
1006 926 1130 987 unquam
1144 910 1393 979 misericordiarum
1407 912 1516 974 Patrem
1529 930 1582 991 pro
1595 911 1744 977 imbecilli·

125 992 147 1024 “
168 1003 225 1047 tate
247 990 338 1049 nostra
352 986 459 1049 Divino
472 989 590 1067 praesidio
604 988 749 1051 munienda
769 986 912 1068 deprecari
926 984 1123 1047 intermittatis.
1162 989 1279 1051 Reddite
1303 994 1375 1051 benc
1393 987 1483 1049 Nobic
1494 988 1596 1050 amotis
1609 1009 1675 1069 erga
1694 1014 1744 1054 vos

126 1076 147 1104 ‘⁴
168 1065 260 1127 Nostri
274 1067 374 1131 vicem,
394 1084 478 1146 atque
490 1069 530 1127 ita
554 1085 654 1127 mutua
667 1086 781 1145 precum
795 1067 948 1127 vestrarum
963 1063 1077 1125 subsidit
1090 1063 1247 1128 Nobiscum
1267 1067 1439 1147 coniungite,
1460 1082 1490 1128 ut
1504 1067 1585 1128 alteri
1597 1069 1636 1127 ab
1648 1070 1744 1131 alteris

127 1152 147 1181 ‘⁸
168 1146 372 1222 quodammodo
385 1143 523 1206 sutientati
537 1145 650 1204 firmiori
671 1148 757 1223 gradu
778 1162 871 1218 omne·
920 1144 1006 1203 dimus
1019 1140 1046 1201 in
1058 1142 1105 1205 sua
1117 1143 1231 1223 quisque
1245 1146 1358 1208 siatione
1368 1147 1521 1207 consistere.
1563 1142 1742 1223 Hacpotiffi·

125 1230 157 1271 ⁸⁸·
169 1242 245 1281 mum
263 1220 419 1282 animorum
442 1222 635 1300 conjunctione
650 1221 738 1291 illam,
758 1225 785 1282 in
805 1242 863 1299 qua
919 1211 1042 1280 obiscum
1055 1222 1242 1300 coagmentati
1264 1223 1336 1295 estis,
1355 1222 1491 1284 unitatem
1513 1223 1743 1302 comprobabitis.

123 1308 146 1337 ‘⁶
168 1298 264 1358 Unum
277 1299 379 1377 quippe
390 1299 474 1359 totius
484 1302 522 1361 eli
533 1299 660 1362 Eccleliae
672 1299 827 1364 editicium,
843 1300 924 1376 cujus
939 1296 966 1357 in
978 1299 1030 1379 hac
1041 1297 1137 1359 Sedea
1151 1300 1237 1360 Beato
1251 1301 1333 1361 Petro
1348 1298 1463 1379 positum
1472 1303 1511 1361 est
1523 1301 1743 1365 fundamentum.

125 1386 147 1416 ⁴‘
169 1377 254 1437 Multi
270 1380 304 1439 ad
318 1379 382 1437 illud
396 1380 608 1439 construendum
622 1378 762 1456 conjuncti
777 1377 837 1436 sunt
849 1374 963 1453 lapides,
975 1375 1019 1434 sed
1031 1396 1125 1434 omnes
1136 1375 1215 1455 super
1225 1398 1278 1438 una
1292 1393 1370 1458 petra
1380 1380 1523 1439 firmantur
1535 1398 1569 1436 ac
1579 1373 1742 1452 innituntur.

126 1463 148 1493 ⁴³
169 1454 265 1514 Unum
278 1458 315 1515 est
326 1454 452 1523 Ecclesia
466 1475 579 1532 corpus,
590 1459 670 1533 cujus
679 1457 804 1517 Christus
817 1456 854 1515 esi
867 1455 971 1529 Caput,
991 1471 1025 1512 ac
1041 1454 1067 1511 in
1079 1452 1146 1515 illud
1157 1476 1249 1515 omnes
1258 1455 1446 1517 coalescimus.
1485 1454 1546 1515 Nos
1560 1456 1639 1535 ipsius
1653 1458 1742 1548 potes·

127 1543 149 1572 ⁸⁶
172 1534 233 1591 tatis
247 1532 389 1592 Vitariatn
404 1534 625 1610 procurationem
661 1551 765 1592 erentes
774 1532 873 1592 ceteris
886 1529 966 1590 altius
976 1528 1024 1588 illo
1037 1531 1146 1593 uolente
1160 1534 1335 1610 prandemus.
1369 1533 1427 1592 Vos
1440 1553 1573 1594 veronna
1586 1532 1743 1596 Nobiscum

126 1619 148 1648 ⁴·
169 1609 293 1690 colligati
306 1626 437 1688 tanquam
451 1631 515 1671 cum
529 1610 624 1669 visibili
641 1555 773 1673 beclestae
792 1610 884 1686 cupite
907 1607 1027 1684 potiores
1049 1608 1168 1686 ejusdcm
1184 1611 1307 1687 corporis
1328 1628 1419 1688 partes
1431 1610 1499 1673 eliis.
1539 1610 1616 1692 Quid
1630 1612 1745 1690 proinde

76 1692 82 1701 '
124 1697 148 1725 ‘⁸
171 1690 279 1767 lingulis
301 1691 428 1750 accidere
443 1693 539 1766 potell.
560 1692 634 1765 quod
649 1689 696 1748 uni
711 1688 799 1748 versos
821 1708 877 1746 non
888 1686 999 1751 alliciat,
1022 1706 1111 1765 neque
1124 1691 1159 1749 ad
1174 1709 1398 1768 unumquemque
1413 1693 1577 1766 promanetl
1600 1690 1746 1769 Quemad-

102 1790 106 1796 ⁴
128 1770 149 1805 ‘⁶
173 1772 285 1827 modum
307 1767 401 1844 itaque
415 1769 480 1826 nilnl
497 1771 584 1843 potest
609 1765 779 1844 peculiarem
803 1764 939 1842 cujusque
956 1763 1084 1824 Vestrum
1100 1764 1271 1843 vigilantiam
1293 1770 1448 1845 exposcere,
1469 1770 1545 1846 quod
1561 1765 1666 1829 Nostris
1680 1768 1744 1828 item

131 1853 154 1880 “
176 1844 251 1904 curis
274 1846 480 1921 comprehendi,
500 1847 536 1905 ad
554 1843 668 1920 Nosque
682 1843 778 1903 referri
799 1863 858 1901 non
870 1843 981 1906 debeat,
1004 1841 1041 1901 ita
1062 1842 1190 1903 arbitrari
1203 1846 1310 1906 debetis
1322 1864 1489 1924 magnopere
1500 1847 1588 1904 vestra
1611 1844 1746 1912 interesse,

128 1930 151 1959 ⁶⁴
173 1914 304 1999 quidquid
316 1926 350 1980 ad
365 1920 423 1979 Nos
437 1922 567 1999 pertinet,
588 1920 772 1997 Nollramque
780 1940 892 1997 operam
902 1938 936 1978 ac
949 1918 1118 1997 diligentiam
1130 1922 1270 1981 desiderat.
1309 1923 1374 2000 Qua
1395 1940 1486 2000 toprer
1500 1942 1554 1982 una
1568 1926 1746 1984 voluntatum

129 2008 152 2045 ⁴¹
174 2000 343 2075 consensione
355 2000 510 2078 conjuncti,
530 2021 585 2060 uno
607 2000 759 2076 eodemque
780 1997 895 2057 animati
917 1993 1032 2072 Spiritu,
1052 1996 1100 2074 qui
1120 2019 1137 2056 a
1157 1999 1278 2076 Mystico
1296 1999 1351 2060 -iuo
1365 1946 1463 2078 sapite
1481 2002 1626 2078 profluens,
1647 2021 1681 2061 ac
1696 2022 1746 2080 per

128 2082 152 2122 9‘
175 2078 300 2137 universa
326 2080 449 2135 membra
477 2077 588 2137 diffusus
608 2075 695 2136 vitam
718 2075 846 2134 omnibus
858 2074 993 2151 dispertit,
1015 2077 1181 2136 contendere
1204 2097 1308 2141 omnes,
1328 2096 1363 2138 oc
1378 2081 1571 2155 dareoperaru
1618 2078 1744 2141 raescrtim

130 2162 153 2195 “
174 2156 315 2219 debemus,
335 2170 366 2217 ut
384 2152 510 2214 Ecclesia
523 2155 633 2230 Corpus
647 2153 784 2231 integrum
798 2169 882 2232 atque
895 2152 1035 2210 incolume
1049 2152 1090 2220 lit,
1111 2165 1143 2211 ut
1159 2154 1233 2215 nulla
1248 2173 1361 2233 rugatae
1373 2157 1482 2215 macula
1496 2171 1594 2216 contra
1640 2196 1648 2223 ,
1670 2158 1746 2215 omni

129 2241 152 2272 ‘⁸
174 2232 334 2293 Christianae
348 2231 456 2291 uirtutis
470 2235 549 2292 laude
564 2232 722 2296 intiruarur,
742 2248 777 2289 nc
795 2230 898 2307 uigeat.
937 2228 1024 2307 Quod
1037 2229 1150 2305 quidem
1161 2229 1256 2291 divina
1268 2252 1320 2310 ope
1332 2232 1450 2311 praeliari
1464 2252 1481 2292 a
1493 2230 1581 2293 Nobis
1593 2234 1704 2310 poterit,
1726 2238 1745 2294 st

8 2374 9 2379 .
129 2319 153 2349 0⁴
177 2308 310 2388 provirili
323 2308 370 2369 sua
384 2309 636 2388 qnisquecommiffi
650 2308 696 2368 libi
709 2307 812 2386 Gregis
831 2305 918 2367 studio
928 2305 1097 2375 exardescet,
1118 2305 1198 2366 stilla
1221 2329 1278 2370 una
1301 2310 1408 2389 lingulis
1422 2309 1547 2370 infidebit
1566 2330 1635 2371 cura
1650 2312 1748 2389 Populi

132 2391 155 2423 ¹⁴
180 2387 218 2449 sui
229 2388 266 2448 ab
279 2388 354 2446 omni
369 2392 504 2447 malorum
515 2385 690 2464 contagione,
711 2402 796 2463 atque
808 2402 933 2444 errorum
954 2381 1051 2444 insrdiit
1065 2384 1236 2455 remouendi,
1255 2405 1290 2448 cc
1305 2387 1431 2448 omnibus
1442 2386 1571 2448 doslrinae
1584 2387 1745 2450 sanctitatis·
1850 2434 1853 2441 »

130 2468 155 2504 “
176 2488 231 2544 quc
245 2465 365 2526 substdiis
377 2462 570 2539 diligentillime
582 2465 730 2524 muniendi.
1163 2532 1168 2539 .
1341 2483 1345 2491 ·

172 2554 195 2580 ‘⁸
218 2541 247 2601 H
253 2565 271 2602 u
276 2565 288 2611 J
297 2548 434 2602 usubnt
457 2542 620 2601 Animarum
636 2541 726 2602 salutis
735 2540 890 2620 'cupiditate
904 2540 1054 2615 stunquam
1065 2561 1122 2610 eos,
1135 2539 1183 2621 qui
1195 2546 1301 2604 tueodae
1310 2542 1396 2603 rineae
1406 2541 1520 2604 Domini
1534 2544 1658 2621 praesuru,
1668 2544 1747 2605 erci-

130 2630 153 2658 ‘¹
177 2636 249 2680 ratos
275 2622 328 2681 elle
352 2619 486 2698 oportuit,
509 2624 561 2679 hoc
576 2618 724 2696 prasertim
734 2634 865 2695 tempore
879 2618 939 2677 illos
952 2617 1115 2685 inflammari
1128 2624 1165 2681 eti
1180 2621 1414 2698 pernecessarium.
1453 2620 1573 2702 Quando
1600 2622 1673 2683 enim
1688 2638 1746 2683 tam
1796 2636 1806 2651 ⁸

131 2707 156 2737 ‘⁸
179 2697 357 2776 multiplices,
379 2715 436 2756 tam
448 2696 538 2757 noxias
549 2698 603 2757 stre
616 2700 650 2755 ad
665 2696 893 2762 labeiaslandam,
921 2696 974 2761 live
988 2698 1023 2755 ad
1031 2697 1182 2757 tollendam
1196 2697 1366 2776 Religionem
1380 2697 1479 2758 exoriri
1494 2699 1550 2759 sere
1562 2698 1697 2776 quotidie,
1709 2720 1744 2759 ac

131 2785 157 2815 ⁴⁴
179 2771 353 2836 circumferri
367 2776 516 2853 opiniones,
538 2777 648 2851 quondo
659 2772 792 2832 novitatis
803 2773 935 2832 illecebra
945 2773 1033 2850 magis
1047 2771 1170 2833 inunum
1181 2776 1312 2840 ltontinos,
1329 2780 1355 2834 dr
1370 2778 1489 2853 quadam
1500 2777 1649 2853 peregrina
1661 2775 1747 2836 scien·

131 2861 155 2891 ‘⁶
179 2853 221 2917 tiae
233 2853 366 2913 auiditate
379 2856 526 2932 pentadius
535 2856 570 2911 ad
594 2856 665 2911 mne
675 2851 827 2917 confluere,
848 2863 934 2927 atque
947 2853 1064 2910 eandem
1077 2851 1246 2913 libentissime
1256 2852 1420 2931 conquirere
1430 2851 1569 2914 vidimus?
1592 2852 1673 2914 Unde
1686 2855 1747 2914 ani.

130 2936 155 2962 “
179 2949 283 2991 marum
299 2935 437 3009 pestem&
453 2929 601 3009 perniciem
612 2928 721 2989 extendi
732 2926 812 2987 latius
826 2927 853 2985 in
866 2927 934 2993 dics,
954 2945 989 2987 ac
1004 2926 1153 2988 mistrrime
1166 2930 1311 3020 prppagari
1322 2932 1457 2989 dolemus.
1496 2931 1745 3021 Quarceoacrius
1838 2984 1843 2995 .
1908 2952 1913 2961 ·

132 3019 157 3045 “
181 3009 268 3069 Vobis
277 3013 327 3069 erit
339 3011 530 3073 laborandum,
551 3004 729 3067 venerabiles
739 3002 859 3068 Fratres,
873 3006 1021 3082 omnesque
1034 3007 1077 3067 uel
1091 3005 1249 3082 diligenttae,
1271 3008 1315 3069 vel
1325 3007 1497 3069 auctoritates
1510 3029 1581 3067 utres
1593 3013 1746 3075 exerenda,

131 3086 157 3122 ‘⁸
179 3102 210 3146 ut
229 3089 300 3148 banc
324 3102 438 3153 tantam,
458 3104 493 3143 ac
506 3090 541 3146 de
560 3084 660 3144 divinis
673 3081 768 3147 etiam,
790 3081 991 3144 &sanciitltmis
1005 3083 1087 3141 rebus
1106 3084 1271 3161 pallantem
1294 3083 1486 3149 temeritatem,
1507 3100 1592 3164 arque
1615 3086 1745 3147 insaniam

131 3172 157 3202 ‘⁸
181 3164 326 3243 repellatis.
367 3164 430 3223 Non
444 3162 472 3221 in
489 3162 729 3238 corruptilibusac
745 3161 821 3218 ranis
833 3162 955 3220 humanae
969 3158 1105 3237 sapientire
1137 3161 1251 3229 raestdits,
1265 3163 1308 3222 scd
1323 3163 1351 3219 in
1363 3162 1536 3241 simplicitate
1548 3164 1689 3229 dosirinae,
1709 3185 1746 3224 ac
1785 3213 1790 3221 .

133 3252 159 3280 ⁴‘
183 3244 211 3301 in
227 3243 322 3303 Verbo
335 3242 388 3301 Dei
401 3241 609 3321 penetrabiliore
621 3238 694 3298 omni
707 3240 802 3316 gladio
815 3236 929 3314 ancipiti
942 3240 1088 3297 dumtaxat
1127 3259 1157 3298 os
1174 3240 1240 3299 illud
1259 3239 1474 3318 consequuturos
1487 3242 1625 3301 confidite.
1666 3239 1696 3296 T
1698 3264 1745 3300 unt
1823 3266 1826 3275 ·

130 3325 156 3357 “
178 3322 295 3381 holiium
311 3308 431 3399 impetus
445 3337 576 3378 coercere
590 3317 672 3377 sacile
686 3314 819 3394 poteritis,
839 3329 923 3392 atque
937 3314 1163 3375 Adversariorum
1184 3318 1238 3377 tela
1257 3319 1411 3379 retundere,
1432 3337 1498 3377 cuut
1513 3316 1540 3377 in
1550 3318 1677 3379 omnibus
1692 3320 1747 3381 ser·

131 3407 158 3436 ‘⁸
181 3399 307 3457 monibus
328 3395 523 3473 restrichsum
538 3392 677 3454 Chrilium
701 3393 866 3455 crucifixum
900 3390 1072 3453 referetiaac
1088 3392 1282 3471 predicabitis.
1321 3392 1381 3454 Suis
1391 3388 1464 3454 illel
1502 3394 1563 3454 ibus
1574 3413 1658 3473 arque
1672 3396 1746 3459 insli-
1802 3436 1808 3449 ·

127 3485 156 3517 ⁸⁴
180 3476 245 3536 tutis
255 3476 380 3534 Sanctam
395 3477 465 3534 itanc
476 3472 637 3538 Civitatem,
649 3474 724 3531 suam
738 3469 866 3529 nimirum
920 3471 1040 3536 clessam,
1060 3470 1229 3536 condidit‚ac
1243 3470 1437 3535 communiuit.
1492 3494 1531 3531 uae
1542 3473 1603 3533 fidei
1616 3490 1747 3552 tanquam

131 3567 159 3595 ‘⁸
181 3554 332 3632 depositum
346 3556 419 3614 calle
430 3551 528 3630 pieque
542 3551 749 3610 custodiendum
766 3549 829 3606 hnic
843 3546 961 3606 tradidit.
1002 3546 1063 3608 Suae
1074 3548 1202 3608 doctrinae
1215 3564 1249 3607 ac
1263 3548 1386 3609 veritatis
1397 3552 1467 3611 hanc
1476 3546 1527 3610 else
1538 3550 1624 3611 voluit
1639 3552 1751 3621 firmilli-

130 3641 158 3673 “
182 3652 258 3690 mum
284 3631 495 3695 munimentum,
515 3627 743 3704 adversusquatn
772 3627 858 3684 l’ortae
874 3625 956 3684 lnseti
980 3645 1121 3703 nunquam
1149 3628 1336 3703 prevalerent.
1376 3625 1434 3687 Nos
1454 3626 1549 3706 igitur,
1570 3629 1749 3690 Venerabiler

130 3719 158 3752 ‘⁴
182 3709 301 3773 Fratres,
314 3708 445 3767 Civitatis
465 3707 560 3766 sancia
585 3706 715 3765 Praesides,
736 3722 771 3762 ac
794 3703 898 3780 Vigiles
918 3705 989 3762 hanc
1016 3703 1136 3779 ejusdem
1155 3702 1311 3778 conditoris
1326 3704 1447 3770 Domini,
1467 3724 1501 3763 ac
1518 3705 1645 3784 Magistri
1665 3708 1747 3766 nostri

132 3798 161 3832 ⁴⁴
183 3790 285 3864 legum,
298 3806 332 3846 ac
345 3788 410 3846 stdei
425 3784 648 3863 praeclariffuttam
662 3782 846 3843 haereditatem
858 3777 947 3840 Nobis
958 3800 1007 3859 per
1019 3781 1141 3858 Maiores
1155 3784 1257 3841 nostros
1271 3780 1445 3859 integerrime
1465 3784 1596 3844 traditam
1609 3783 1751 3863 diligenter

131 3879 159 3901 ⁴⁸
184 3882 320 3930 tueantur,
335 3884 369 3925 ac
384 3866 419 3923 nd
435 3865 557 3924 Posterns
569 3862 673 3921 notiros
686 3880 796 3937 puram,
815 3873 898 3935 atque
912 3860 1076 3919 incolumem
1092 3857 1311 3919 transtuittatuus.
1350 3860 1397 3920 Ad
1411 3863 1482 3921 hanc
1495 3861 1521 3918 in
1534 3862 1624 3921 Sacris
1636 3861 1748 3923 Litteris

129 3954 157 3988 s‘
182 3959 327 4021 acceptam
343 3963 465 4002 normam
491 3940 575 4002 sacia,
597 3943 623 3996 dr
637 3936 747 3997 consilia
762 3939 850 3997 nostra
864 3936 956 3997 omnia
979 3933 1137 4013 dirigentes,
1159 3951 1287 4011 praeterea
1301 3937 1415 3995 Petrum
1439 3941 1589 3999 nosirnrunt
1602 3940 1749 4001 certissimis

126 4026 154 4068 ι’
181 4020 341 4087 inherentes
354 4018 472 4096 uestigiis
493 4016 696 4078 instructissimos
714 4013 775 4073 Nos
784 4015 893 4075 suturos
907 4030 1037 4092 putemus
1050 4016 1085 4073 nd
1098 4032 1193 4074 omnes
1206 4014 1329 4072 vitandas
1340 4014 1506 4085 offensiones,
1527 4038 1588 4093 quae
1602 4017 1748 4079 Christiani

127 4109 155 4145 ι*
181 4099 275 4175 Populi
291 4100 371 4159 fidem
390 4095 534 4156 debilitare
557 4096 663 4171 poffint,
683 4112 716 4151 ac
732 4090 891 4169 intringere,
913 4088 1139 4169 nquetscctettae
1153 4091 1288 4150 unitatem
1301 4091 1356 4148 ulla
1369 4110 1403 4150 ex
1419 4108 1496 4168 parte
1509 4094 1659 4156 dissolvere.
1700 4096 1746 4151 Ab

126 4182 153 4223 ι·
180 4175 231 4235 ill„
248 4176 356 4235 Divina
367 4172 509 4251 Sapientia
523 4171 658 4237 sontibus,
677 4168 778 4248 scripta
791 4169 904 4235 scilicet,
927 4169 1082 4245 traditaque
1100 4172 1233 4236 doctrino,
1254 4186 1438 4245 quacumque
1453 4171 1506 4233 stre
1519 4176 1554 4231 ad
1569 4174 1747 4238 credendum,

124 4268 154 4298 ⁸·
179 4254 232 4314 fise
246 4258 281 4314 ad
295 4257 431 4331 agendum
446 4252 633 4329 requiruntur,
653 4251 846 4308 tantummodo
865 4247 1030 4307 hauriamus.
1415 4272 1423 4285 ·

123 4330 133 4337 “
188 4345 209 4370 “
229 4332 263 4389 lu
290 4334 400 4408 gemino
408 4331 482 4394 enim
496 4334 547 4388 hoc
558 4327 762 4404 locupletissimo
773 4325 897 4385 veritatis
908 4344 943 4384 ae
957 4323 1068 4384 virtutis
1077 4323 1166 4382 omnis
1174 4322 1351 4393 instrumento
1363 4323 1547 4396 continentur,
1567 4347 1749 4406 quecumque

128 4420 155 4449 ⁴⁶
181 4412 215 4469 ad
244 4409 392 4488 Religionis
405 4411 522 4473 cultum,
542 4409 578 4466 ad
597 4424 702 4464 morum
714 4403 895 4480 disciplinam,
917 4408 1044 4492 recteque
1059 4401 1168 4461 vivendi
1190 4402 1384 4463 institutionem
1399 4404 1542 4481 pertinent.
1582 4407 1750 4485 llinclrlys-

125 4499 155 4527 ‘⁴
181 4488 311 4547 teriotum
327 4487 511 4553 altitudinem,
534 4486 597 4544 hinc
624 4480 743 4560 pietatis,
765 4481 921 4549 honestatis,
946 4480 1066 4559 justitiae,
1088 4480 1265 4538 humanitatis
1282 4480 1371 4539 officia
1393 4482 1546 4541 ediscimus.
1586 4483 1662 4560 Quid
1678 4484 1749 4550 Deo,

127 4576 156 4604 ⁴⁴
182 4566 249 4643 quid
264 4565 401 4630 Ecclesiae,
422 4563 489 4642 quid
504 4563 608 4627 Patriae,
627 4562 695 4638 quid
718 4557 845 4618 Civibus.
866 4560 933 4636 quid
952 4558 1058 4618 caeteris
1083 4558 1240 4617 hominibus
1262 4559 1423 4626 debeamus,
1444 4559 1627 4639 intelligimus.
1668 4561 1751 4623 Unde

125 4652 156 4684 ⁴⁴
184 4645 264 4701 nuliis
278 4642 446 4719 praeclarius,
466 4660 552 4718 quam
566 4641 607 4700 his
620 4659 691 4698 verre
703 4635 853 4714 Religionis
865 4636 971 4715 legibus
984 4635 1139 4695 Civitutum
1149 4636 1243 4694 etiam,
1263 4655 1298 4693 ac
1313 4635 1482 4697 Societatum
1494 4642 1555 4715 jura
1570 4638 1687 4709 stabilita
1698 4640 1750 4700 elle

44 4718 55 4735 ⁰
130 4731 159 4762 ·‘
185 4721 384 4801 cognoscimus.
424 4721 468 4777 Ac
478 4738 626 4796 propterea
639 4734 718 4777 neruo
732 4714 789 4775 sete
809 4734 931 4790 unquam
940 4714 1040 4773 diuinis
1053 4712 1154 4771 Christi
1169 4711 1348 4772 sandlionibos
1363 4714 1464 4775 bellurn
1475 4716 1510 4773 in¹
1517 4716 1577 4780 ulit,
1598 4716 1666 4794 quin
1678 4716 1749 4777 idem

130 4812 157 4838 “
187 4805 332 4867 continuo,
353 4816 489 4877 quantum
503 4796 531 4857 in
545 4798 569 4860 se
584 4800 632 4863 etl,
653 4794 821 4873 Populorum
836 4792 1063 4869 tranquillitatem
1078 4790 1256 4869 perturbarit,
1279 4792 1386 4869 Regum
1405 4790 1566 4873 obsequium
1580 4796 1748 4932 detrediorlir,

1605 4884 1625 4909 ‘⁸
1647 4874 1752 4943 tuscia,
