4017 5217
783 19 938 153 Caput
972 17 1215 119 Ossovtom.
1642 53 1704 147 17
1711 53 1738 147 5

35 250 36 297 l
163 210 352 318 mortuifiunt,
374 234 410 302 ὃ
420 236 482 302 Deo
493 241 611 314 vivunt,
635 239 824 305 Sacerdotolir
838 239 938 326 Offioij
951 241 1083 302 Potentr'd
1096 241 1233 321 indignor,
1257 260 1344 324 neque
1359 216 1571 312 Paenitentiom,
1587 258 1678 321 neque
1688 239 1774 302 Chri·

155 316 327 461 jlipnitatem⁸
330 323 458 413 largiri,
480 349 566 410 neque
580 323 724 410 absolvere
732 324 807 414 poffe
814 318 870 412 per
880 328 1071 390 Sacerdotalis
1082 325 1181 412 Officij
1194 325 1398 410 divinitdsstbi
1410 326 1570 409 iujune‘lum
1584 324 1774 412 Potestatema

157 396 639 579 seponpgnpetpbpppprr.quispiam,
663 493 815 579 Priuilegia
836 500 896 561 tim
912 488 1010 580 ampla
1023 495 1214 580 Reguluribus
1237 498 1370 560 concessa
1392 480 1487 571 fuisse,
1511 494 1649 579 perlegat,
1673 494 1771 582 fipla·

160 587 214 647 eet,
237 578 405 641 Pontificius
419 580 530 655 Bullas,
546 582 575 644 bt
590 583 768 658 Decretales,
785 584 831 644 ubi
847 585 1008 667 graviffima
1040 605 1145 651 ,eorum
1165 584 1284 646 illotiva
1301 581 1433 666 reperiet.
1481 584 1570 659 Quod
1586 582 1605 644 fi
1621 585 1771 669 perlegere

35 742 36 751 ἵ
158 676 218 724 non
233 660 325 740 lubet,
349 658 638 750 iciat‚Apolloiicam
658 668 766 730 Sedem
782 671 978 733 Mendicontes
994 664 1234 760 instituisleodsu
1274 671 1382 732 lendum
1396 666 1550 752 Defeelum
1562 665 1772 816 EpiGeoporum,
1855 738 1862 745 ,

158 747 274 892 puijom
289 775 342 812 non
360 756 532 837 praedicant,
557 779 604 816 nec
625 751 1014 844 Praedicatoresfioslentant,
1038 772 1070 819 ut
1085 757 1183 820 diserte
1205 778 1221 818 a
1242 758 1325 818 vertit
1339 756 1478 841 Sylurster
1501 755 1559 835 (n).
1639 756 1697 821 nde*
1711 778 1774 821 non

169 838 362 911 numericam
385 840 523 914 Ecclesia,
545 838 619 922 Jure
638 839 807 924 Canonico,
831 843 859 902 81
886 839 1045 920 Pontificijs
1063 845 1293 921 Diplotnatibus,
1317 842 1499 925 coadjutores
1514 836 1710 925 Episcoporum
1726 844 1771 906 di·

158 934 272 999 curuur,
294 923 661 1012 inquitFronoiscusVidol
681 927 731 1007 (o).
776 928 929 1010 Recogitet
942 931 1030 990 etiam
1056 928 1119 1013 (p),
1144 929 1246 992 Deum
1261 926 1351 1012 ipsum
1367 927 1522 989 Innocentio
1537 929 1600 1001 111,
1623 927 1772 993 drim‘Ec·

158 1003 268 1070 cleliam
282 1008 354 1070 vidit
372 1010 590 1097 Lateronensem
597 1014 659 1092 jam
670 1013 732 1089 jam
749 1016 902 1088 ruituram,
925 1013 1077 1077 ollendiffe
1092 1036 1157 1077 eam
1170 1014 1320 1078 sustentari
1337 1013 1353 1075 ti
1368 1015 1398 1076 S.
1411 1014 1571 1087 Dominico,
1587 1012 1615 1074 dt
1633 1016 1662 1076 S.
1677 1017 1771 1080 Fran·

35 1136 36 1145 .
156 1090 228 1175 risco.
273 1093 446 1158 Consideret
465 1099 588 1181 insuper,
612 1097 691 1181 quod
709 1097 786 1165 ficut
797 1099 869 1162 olim
886 1102 915 1161 in
928 1103 1020 1163 varias
1037 1101 1163 1165 ORBlS
1180 1098 1361 1176 PLAGAS,
1383 1096 1561 1162 nominatim
1582 1098 1770 1184 ’mMognoue

156 1177 352 1256 Britanniam,
375 1189 402 1245 b
420 1184 605 1261 Hiberniam,
628 1184 772 1247 Doslrina
790 1186 891 1249 Christi
905 1187 1042 1248 translata
1060 1186 1100 1249 est
1116 1190 1216 1272 Operi
1230 1186 1433 1272 Regularium,
1446 1185 1487 1248 itui
1499 1184 1557 1247 siue
1571 1205 1676 1249 eorum
1693 1185 1768 1250 san·

155 1261 221 1327 sidio
236 1264 373 1333 dulmen
387 1268 482 1332 fuislet
497 1271 678 1345 conservata,
702 1272 749 1333 uel
763 1269 863 1337 saltem
878 1273 974 1337 mimis
989 1274 1140 1343 floruisset.
1171 1275 1393 1336 Animadvertat
1415 1269 1548 1347 demrlm,
1563 1285 1608 1333 tot
1625 1270 1771 1338 Summos

35 1378 36 1381 ¹
154 1351 321 1429 Pontifices,
344 1371 390 1418 tot
407 1353 434 1419 Β.
450 1358 486 1418 tt.
504 1359 538 1422 Ε.
558 1356 739 1434 Cardinales,
764 1372 810 1421 tot
823 1379 875 1441 per
901 1360 1065 1422 uniuersum
1086 1363 1251 1424 Terrarum
1274 1357 1390 1423 Orbem
1407 1357 1556 1420 Antistites
1579 1356 1636 1443 (q),
1660 1378 1770 1422 omnes

154 1434 243 1501 uiue
257 1441 388 1504 Sanslos
404 1440 516 1518 Patres,
538 1441 595 1505 Sex
607 1443 774 1528 principales
793 1442 927 1508 Ecclesia²
943 1445 1106 1526 Debborae,
1129 1448 1302 1531 Gregorium
1314 1445 1434 1529 nempe,
1453 1444 1637 1530 Ambruſsum,
1654 1444 1770 1532 Augus-

152 1527 249 1599 tinum,
266 1527 482 1611 Hieronymum,
501 1527 649 1608 rhamon,
665 1536 695 1596 8<
709 1533 953 1607 Beneventum,
967 1534 1064 1595 immb
1077 1530 1207 1617 ipsosmet
1222 1532 1395 1616 ¹Apostolos,
1410 1533 1478 1594 vere
1492 1529 1574 1592 fuisse
1591 1531 1768 1613 Regulares,

152 1623 184 1669 ut
196 1609 297 1674 diserti:
312 1615 405 1677 asserit
422 1616 577 1698 Angelicus
601 1617 719 1680 Doetm
736 1636 763 1679 a.
783 1636 808 1678 2.
825 1639 854 1700 q.
870 1619 922 1682 88.
939 1634 993 1682 art.
1009 1639 1038 1699 4.
1061 1619 1096 1680 ad
1118 1642 1146 1703 3.
1163 1620 1294 1707 Apostoli,
1317 1620 1418 1703 inquit,
1441 1617 1643 1699 intelliguntur
1659 1616 1766 1705 vovuffe

35 1772 36 1775 Ἴ
147 1700 323 1777 pertinentia
336 1702 378 1761 ad
391 1697 579 1785 Persoe‘lionis
592 1708 718 1777 Statum,
741 1706 851 1787 quando
866 1703 1023 1793 Christum,
1049 1706 1304 1780 relilliromnibus,
1320 1702 1394 1791 sunt
1408 1701 1510 1790 secuti.
1532 1778 1534 1783 ⁴
1556 1702 1689 1765 Nomine
1712 1725 1768 1767 au·

152 1794 207 1842 tem
220 1784 411 1871 Persee‘iionis
424 1793 518 1851 Status
532 1790 611 1850 venit
623 1791 720 1851 Status
737 1788 907 1871 Religionis,
929 1805 962 1850 ut
977 1813 1014 1853 ex
1030 1789 1183 1854 Contextu
1199 1790 1299 1873 liquet.
1344 1789 1471 1874 idipsum
1483 1786 1570 1850 etiam
1590 1787 1697 1853 docent
1712 1789 1765 1857 SS.

150 1866 337 1953 dugrfiinur,
357 1873 556 1955 Hieronymus,
569 1874 784 1964 Chrysostomus,
809 1874 1011 1962 &Gaffionus,
1033 1897 1109 1960 quos
1123 1877 1231 1952 laudat,
1254 1876 1284 1942 bt
1303 1875 1428 1961 sequitur
1442 1873 1622 1940 Clarissimus
1634 1875 1762 1961 Presby-

149 1964 189 2017 ter
203 1955 357 2020 baecularis
376 1956 541 2046 Franciscus
557 1962 683 2044 Sylvius,
703 1960 823 2024 Dostor
835 1964 1000 2037 Duacenus,
1021 1963 1049 2024 in
1066 1982 1094 2026 2.
1109 1983 1138 2028 a.
1154 1985 1182 2048 q.
1213 1964 1280 2028 186.
1302 1979 1346 2027 art
1364 1983 1388 2030 r.
1412 1964 1460 2025 ubi
1477 1982 1515 2022 ex
1531 1960 1616 2023 Sacra
1631 1961 1763 2046 Scriptu·
1832 1999 1834 2003 ·

147 2059 187 2112 ra,
212 2042 378 2106 &Sandis
391 2045 523 2107 Patribus
545 2050 648 2110 contra
662 2047 809 2110 Sestarios
825 2045 931 2109 invide
955 2047 1145 2125 demonstrat,
1169 2049 1328 2135 Apostolos
1344 2046 1536 2134 Paupertatis,
1556 2045 1712 2127 Callitatis,
1733 2050 1764 2113 bt

146 2122 337 2192 Obedientiae
351 2135 432 2193 Vota
442 2133 551 2207 emisse,
574 2133 670 2218 licque
683 2154 769 2197 veros
781 2132 865 2196 fatue
876 2133 1046 2217 Religiosos.

185 2218 241 2279 Na
265 2232 370 2280 autem
386 2216 922 2304 Regularibussuccenseatquisquam,
943 2222 970 2283 in
992 2222 1035 2283 uit
1057 2218 1248 2307 Busemboum
1272 2220 1326 2305 (r),
1348 2220 1426 2305 quod
1439 2215 1646 2304 Privilegiasu'a
1661 2234 1768 2285 tuean-
1859 2296 1861 2301 .

146 2308 206 2380 tur,
229 2302 381 2366 sciendum
392 2305 444 2379 est,
470 2306 549 2388 quod
565 2304 667 2390 absque
685 2304 817 2369 Licentia
832 2307 960 2370 Romani
972 2242 1127 2370 iontificis
1144 2307 1175 2386 ijs
1188 2306 1369 2385 renunbiare,
1382 2322 1432 2371 aut
1443 2307 1545 2371 cedere
1557 2312 1765 2390 nequeunt-ut

144 2385 250 2453 burris
267 2386 380 2454 Verbis
391 2389 481 2455 docet
495 2393 670 2457 innocentius
684 2390 743 2457 lli.
765 2394 838 2476 Cap.
855 2394 927 2455 Cum
942 2388 1091 2477 Tempore,
1115 2396 1179 2455 Tit.
1196 2396 1229 2456 de
1240 2394 1380 2468 Arbitris,
1403 2392 1524 2470 Abbati,
1548 2395 1578 2457 bt
1594 2396 1764 2458 Conventui

144 2472 178 2536 de
193 2475 346 2560 Pigrauia
360 2474 507 2555 scribens;
532 2479 627 2542 immi>
641 2476 694 2541 etsi
715 2477 835 2554 faciant,
859 2478 972 2542 irritum
986 2477 1061 2560 sore,
1084 2479 1314 2564 &peccaturos
1326 2481 1404 2563 .quia
1428 2478 1546 2559 Ordini,
1571 2480 1600 2541 bc
1623 2479 1778 2545 Ecuefiae:

144 2562 196 2624 toti
209 2562 355 2642 Iniuriam
370 2562 518 2629 inferrent.
565 2564 622 2628 Sed
637 2563 673 2627 de
687 2564 729 2628 hir
740 2563 892 2650 plusqubm
904 2560 979 2629 satis.

182 2647 313 2712 XXIII.
339 2654 575 2728 Qnruuunu,
595 2667 629 2713 ut
644 2649 755 2718 nonita
769 2650 881 2735 pridem
896 2649 1007 2731 ajebam
1030 2650 1084 2737 (s),
1107 2649 1313 2717 Persecutionis
1327 2648 1573 2715 Acathoiicorum
1595 2648 1626 2716 in
1641 2651 1775 2720 Cierum

142 2722 234 2819 Rigor
247 2733 315 2820 post
330 2734 579 2801 Dominutionem
593 2735 720 2823 Reginae
733 2739 825 2804 Anna
839 2736 1022 2820 mislesceret,
1045 2737 1196 2823 aliquoties
1216 2736 1415 2815 nihilominris,
1439 2736 1487 2801 seu
1502 2759 1540 2803 ex
1557 2738 1671 2802 Saevitia
1688 2737 1761 2803 Me·

142 2819 326 2903 gistratuurn,
348 2820 396 2886 seri
406 2823 465 2903 al'u's
476 2822 513 2886 de
526 2822 642 2899 Cauiis,
663 2824 824 2908 praesertim
835 2825 970 2907 politicis,
994 2822 1200 2889 exardescebat
1212 2824 1241 2885 in
1249 2823 1445 2908 particulares
1459 2823 1596 2888 Personas
1611 2822 1765 2889 Ecclesias-

142 2908 220 2989 ticas,
244 2908 407 2973 Domusve
421 2907 588 2991 Religiosas.
634 2911 785 2975 Generalis
795 2925 896 2973 tamen
914 2909 1124 2975 Persecutionis
1140 2910 1311 2974 inuniverso
1321 2913 1426 2994 Regno
1440 2912 1559 2974 unicum
1580 2910 1635 2973 fuit
1651 2913 1765 2985 Exem-

35 3086 36 3095 .
139 2992 235 3146 pipp:
257 2992 343 3080 quod
356 2999 457 3079 paucis
471 2995 535 3082 post
554 3017 657 3060 meum
670 2998 701 3060 in
716 2996 886 3063 Hiberniam
902 3016 942 3061 ex
958 2998 1040 3062 Urbe
1056 2997 1233 3082 Regressum'
1247 2996 1402 3060 Meniibus
1413 2996 1525 3077 accidit,
1547 2996 1630 3075 cujus
1642 2995 1777 3082 proinde·

180 3104 239 3231 lei
246 3079 582 3255 ‘ibcicliptriinfddbuidem
595 3148 633 3232 ab
644 3168 736 3233 Anno
749 3188 784 3246 17
788 3189 828 3254 39
845 3166 958 3231 Bellum
975 3166 1063 3231 fuerit
1075 3167 1179 3251 Augias
1198 3166 1272 3231 iuter
1286 3165 1317 3231 te
1332 3162 1488 3313 Huffiponos,
1507 3163 1612 3249 quibus
1625 3166 1774 3251 posimor

139 3248 211 3319 dtlrn
228 3257 413 3319 accesserunt
427 3258 520 3334 Galli,
543 3255 611 3319 hinc
638 3256 729 3320 torvis
752 3253 863 3336 semper
884 3253 988 3318 Oculis
1001 3252 1173 3317 Catholicae
1188 3248 1355 3337 aspiciebant
1402 3250 1564 3332 eterodorri,
1586 3252 1680 3317 donec
1698 3268 1764 3317 tan-

137 3339 205 3405 dem
219 3344 317 3406 Anno
341 3361 424 3425 1744
447 3341 509 3407 Die
522 3341 640 3405 Sabbati
666 3362 699 3428 17
716 3340 873 3421 Februarij,
898 3342 1088 3407 Aldermanue
1110 3337 1148 3418 (t)
1171 3338 1302 3424 quidam,
1326 3337 1483 3401 Gulielmus
1497 3339 1615 3423 inquam
1630 3341 1778 3417 Aldricb„

137 3428 275 3492 ibiscum
292 3424 461 3494 Lieonbus
483 3427 561 3492 clim
575 3427 629 3491 ivit
642 3428 678 3491 ad
693 3427 837 3492 Sacellum
853 3426 1025 3491 Paroclriale
1045 3432 1073 3489 S·
1087 3425 1187 3501 Pauli,
1209 3428 1239 3489 in
1253 3424 1475 3509 septentrionali
1485 3424 1681 3512 Dubliniensts'
1692 3431 1761 3490 Me-

138 3516 262 3601 tropolis
277 3518 366 3580 Parte
378 3514 468 3580 sutum
489 3517 607 3599 (inquo
622 3514 678 3598 ipse
694 3531 765 3578 tunc
780 3513 941 3597 Temporis
965 3510 1148 3575 Illustriffimi
1160 3510 1373 3594 Archiepiscopi
1398 3509 1547 3575 Beneficio
1560 3511 1760 3594 inserviebam)

136 3600 234 3687 ibique
257 3603 412 3665 inveniens
435 3606 473 3666 R.
492 3605 533 3665 D.
548 3600 700 3664 Nicolaum
719 3598 846 3685 English,
870 3598 1083 3683 Presbyterum
1101 3594 1525 3681 Saecularem'Dublint'ensem,
1545 3597 1581 3661 ad
1595 3600 1707 3675 Altare,
1732 3599 1762 3659 bt

137 3689 256 3770 nauem
266 3689 321 3752 vix
334 3688 413 3753 lesia
427 3687 615 3763 Praesatione,
629 3686 755 3750 eundem
770 3682 943 3748 descendere
957 3686 1067 3767 coegit,
1091 3699 1273 3768 exutumque
1289 3682 1380 3745 Sacris
1391 3682 1535 3759 Veslibus,
1551 3682 1587 3746 ad
1600 3681 1761 3746 Carcerem

137 3775 251 3856 publica
278 3776 311 3839 in
326 3774 431 3838 Rbeda
453 3774 538 3838 milit.
584 3775 664 3837 Dein
681 3774 716 3835 ad
733 3770 948 3835 Monalierium
964 3769 991 3835 se
1014 3768 1135 3832 contulit
1153 3768 1423 3833 Sanettmoniattum
1447 3767 1564 3831 Ordinis
1580 3770 1756 3833 Praedicato·

139 3881 203 3924 mm
224 3862 287 3947 (u),
312 3862 342 3924 in
356 3863 460 3926 eadem
483 3860 608 3924 existens
621 3858 771 3931 Parochia,
795 3856 934 3943 binosque
949 3856 1074 3937 ejusdem
1088 3855 1275 3939 capellanos,
1298 3854 1366 3918 RR.
1382 3854 1489 3939 nempe
1505 3852 1562 3918 PP.
1577 3856 1760 3933 Dominieum

137 3948 224 4033 bellu,
248 3945 540 4023 Roscomaniensem,
563 3947 593 4009 re
621 3943 756 4010 Thomam
779 3944 887 4022 Nolon,
911 3941 1105 4021 Gauleniem,
1136 3941 1295 4005 memorati
1315 3940 1449 4017 Ordinis,
1477 3942 1508 4002 in
1532 3941 1616 4005 aliam
1642 3939 1764 4009 dettufit

136 4031 285 4119 Rbedanr,
311 4034 348 4099 ad
361 4031 492 4099 eundem
507 4033 667 4098 Carcerem
682 4030 890 4116 exportandos.
936 4028 1048 4095 Partim
1064 4043 1164 4093 autern
1178 4028 1286 4106 abfuit,
1309 4026 1379 4111 quin
1393 4027 1547 4121 ipleLocu
1560 4027 1601 4093 R.
1618 4023 1660 4095 D.
1675 4030 1762 4180 Nix:

1132 4154 1139 4166 -
1749 4142 1766 4179 r

159 4290 164 4299 ’
178 4292 222 4366 (n)
242 4288 344 4348 Verbo
357 4286 439 4369 lldrffir
453 4285 483 4359 ii,
497 4283 583 4346 Num.
596 4300 621 4363 ς.
637 4283 702 4345 Vid.
717 4281 790 4343 Can.
804 4303 832 4344 x.
847 4280 934 4341 Cone.
1015 4279 1058 4357 (q)
1079 4277 1183 4339 Confer
1196 4278 1237 4338 Ca
1258 4278 1301 4339 2ii.
1317 4276 1404 4343 Num.
1414 4279 1431 4340 i.
1440 4279 1505 4359 eng.
1517 4296 1565 4355 34.

141 4368 273 4427 weron.
292 4367 330 4426 iv.
606 4365 608 4371 '
1013 4362 1056 4434 (r)
1078 4300 1359 4419 Loeomoxiaudato
1519 4418 1524 4425 ,

176 4448 213 4521 (ο)
235 4446 269 4504 ln
283 4444 411 4523 Append.
427 4442 443 4502 l.
458 4440 494 4502 ad
505 4441 638 4502 Tiibunal
652 4442 777 4501 Martini
791 4438 937 4519 tetgaudi,
1015 4438 1052 4514 (s)
1074 4436 1162 4502 Num.
1177 4438 1230 4497 viii.
1242 4436 1445 4515 hujuuCapitis,
1457 4437 1522 4513 Peg.
1541 4432 1604 4497 16t.
1631 4508 1639 4526 ·

142 4522 183 4583 teu
193 4524 290 4584 Tuast.
308 4525 371 4583 nuri.
387 4523 484 4583 exam.
500 4523 536 4583 iv.
547 4520 634 4581 Num.
649 4536 694 4597 17.
895 4581 901 4597 Ι
1012 4517 1051 4592 (t)
1071 4516 1165 4575 Adeas
1178 4520 1202 4587 i.
1214 4516 1232 4576 i.
1247 4514 1316 4595 Cup.
1331 4515 1384 4593 seq.
1395 4512 1483 4574 Num.
1499 4515 1543 4573 vii.
1557 4515 1594 4577 ed
1606 4508 1659 4576 Ltt.
1674 4509 1719 4572 k.-

177 4602 224 4680 (p)
245 4601 342 4662 Verba
364 4600 428 4660 sunt
442 4602 598 4667 Hermauur'
616 4597 807 4683 baltericum,
829 4593 937 4662 Lib-ill·
1011 4595 1056 4679 (tl)
1066 4593 1123 4663 vDe
1136 4593 1361 4674 eodicewlcflpt
1376 4593 1410 4655 11·
1421 4595 1444 4668 i·
1459 4591 1493 4661 iti.

139 4676 283 4759 rnen
299 4677 491 4764 cantuar.
507 4679 542 4747 n.
631 4718 634 4727 ·
