4017 5217
556 121 711 254 Caput
728 122 951 234 Primam
974 122 1340 228 Praearnbaiurn.
1614 193 1617 201 »
1732 162 1758 247 3

189 319 326 393 Nauae
350 320 600 404 praetermittenda
613 323 659 396 est
678 325 813 391 Samaeis
840 324 980 400 Bacharti
1003 326 1043 408 (a)
1067 324 1257 405 conjeslura,
1282 322 1333 407 qui
1355 321 1525 385 Hiberniam
1541 320 1650 385 derivat
1675 325 1692 385 5
1713 322 1799 392 Voce

144 404 294 469 Pbaenicia
308 408 436 482 lharaae,
448 430 518 493 quae
531 412 659 474 ultimam
673 414 886 477 Habitatianera
899 412 1052 498 fignificat,
1068 415 1145 499 quia,
1157 414 1260 495 inquit,
1274 410 1351 471 altra·
1365 409 1536 473 Hilarium
1550 409 1799 496 versus-Oecafirm

146 489 257 556 Veteres
268 493 346 555 nihil
357 510 494 558 naverunt
505 509 613 578 preter
630 501 741 584 azylum
753 500 851 564 Mare.
897 505 945 565 Ex
959 522 1019 586 quo
1037 500 1134 576 insert,
1157 495 1324 562 Hiberniam
1342 492 1531 572 Phanicibar,
1554 500 1749 582 Navigatione
1770 503 1799 566 iu

46 643 50 646 .
146 579 357 643 remotiliimas
377 585 456 646 Oras
473 584 545 646 olim
559 585 730 660 clarissimis,
751 588 889 669 ignotam
912 588 989 650 haud
1015 587 1107 654 fuisse.
1154 585 1253 648 Simile
1272 579 1562 665 EtymonaGraeco
1582 583 1796 651 ldiomatede-

142 665 224 729 ducit
237 666 267 729 S.
281 667 432 730 cormacus
450 668 523 731 Mar
537 671 693 748 Cuiiliaan,
714 670 762 736 scil
787 672 925 739 Culiuani
939 675 1038 752 Filius,
1055 672 1216 757 Episcopus
1232 667 1410 755 Coffllt'fflfih
1434 670 1464 729 ἃ
1484 673 1551 732 Rex
1568 670 1796 759 Momm't'fium

145 753 206 846 (d),
229 770 264 815 ut
278 753 414 818 Hrbemia
427 755 461 818 fit
476 757 611 838 Haberae,
634 757 661 822 id
673 758 723 835 est,
749 760 888 836 Occasus,
909 762 1048 844 &Nym
1069 761 1097 825 id
1110 761 1162 838 ell,
1179 756 1282 830 Insula,
1305 753 1384 841 quast
1401 751 1497 838 Iastala
1514 754 1708 826 Occidentalis.

187 845 382 907 Caranum
407 844 604 924 improbabilis
627 846 751 910 omninb
777 847 817 912 ell
843 848 1056 912 nonnullorum
1086 847 1210 932 Opinio,
1249 844 1300 928 qui
1323 843 1375 904 rati
1396 840 1470 921 sunt,
1502 842 1651 908 fflherniae
1671 847 1796 917 Nomen

146 926 214 989 iude
225 925 394 990 dcduiium
408 929 503 1007 suilie,
524 931 604 1015 quod
622 938 719 1019 Aquae
733 934 770 996 ibi
790 935 923 1017 hyberno
934 936 1091 1020 Tempore
1106 933 1272 998 vehementi
1286 931 1440 1012 frigorum
1455 928 1490 990 Ri
1514 951 1564 993 ore
1589 934 1796 1020 iraeongelen-

144 1030 206 1090 tur,
227 1031 261 1076 ut
277 1014 398 1085 (liuticis,
420 1021 508 1100 quam
523 1040 574 1102 par
586 1019 640 1092 ell,
662 1020 845 1088 condensatae
867 1021 1036 1107 perdurent.
1081 1020 1240 1088 Enimuerb
1255 1017 1345 1080 babet
1365 1017 1429 1077 baec
1445 952 1550 1092 Inlita,
1574 1035 1606 1081 ut
1618 1021 1737 1088 inseritis
1753 1029 1796 1112 (e)

143 1100 321 1178 ridebimus,
348 1105 459 1168 Aerem
474 1106 559 1190 usque
574 1106 647 1171 adeo
658 1124 868 1193 temperatum,
892 1126 924 1172 ut
936 1110 1023 1173 liceat
1047 1111 1162 1172 multos
1176 1109 1285 1171 Annos
1296 1106 1326 1167 in
1339 1103 1481 1166 Hibernia
1504 1104 1666 1187 hybernare
1689 1112 1795 1197 absque

143 1203 228 1250 tanto
242 1210 325 1252 aurae
338 1189 482 1273 rigidioris
495 1193 702 1262 Incommodo.
750 1197 885 1279 Quippe,
895 1195 1018 1257 Giralrla
1030 1190 1191 1280 cambrensi
1205 1192 1245 1271 ss
1251 1195 1261 1272 l
1285 1189 1390 1264 Teste»
1423 1196 1446 1232 “
1468 1190 1618 1256 ‘st‘Tefra
1629 1194 1795 1266 Terrarum

142 1281 168 1312 “
194 1278 332 1338 omnium
348 1280 597 1360 temperatissima.
643 1281 716 1346 Non
731 1283 835 1346 Cancri
865 1281 957 1344 Calor
979 1282 1103 1346 aelluans
1132 1278 1285 1364 compellit
1308 1276 1345 1339 ad
1368 1273 1515 1353 Umbram
1546 1298 1606 1341 uon
1632 1285 1666 1344 ad
1695 1281 1794 1353 Focos

145 1368 172 1401 “
193 1361 368 1446 Capricorni
385 1367 477 1446 Rigor
492 1370 626 1449 urgenter
642 1369 752 1432 inritat.
797 1370 883 1432 Actis
897 1390 1015 1452 quoque
1031 1369 1199 1432 Clementia
1221 1382 1301 1427 tanta
1323 1364 1376 1436 est,
1399 1378 1431 1423 ut
1442 1383 1497 1426 nec
1511 1365 1628 1429 Nebula
1648 1370 1794 1444 inficiens,

143 1455 170 1487 “
192 1470 247 1512 uec
260 1449 382 1535 Spiritus
411 1452 461 1516 bic
475 1454 619 1537 pestilens,
643 1478 699 1518 nec
721 1461 803 1519 Auta
824 1476 1026 1539 corrumpens.
1069 1454 1260 1518 Medicorum
1287 1451 1391 1532 Operi
1414 1451 1518 1532 partim
1532 1452 1640 1536 indiget
1667 1449 1804 1526 Insula'f

144 1535 275 1599 Succinit
295 1536 512 1603 Bartholomaeus
535 1541 662 1624 Anglicur
676 1543 735 1625 (g),
758 1544 874 1604 dicens:
901 1551 926 1581 “
951 1549 1103 1620 Quantum
1120 1542 1155 1603 ad
1167 1540 1361 1602 salubritatem
1380 1536 1460 1598 Coeli
1481 1539 1523 1600 est
1545 1537 1688 1607 Hibernia
1699 1545 1796 1632 Regio

145 1629 168 1660 “
189 1623 278 1686 valde
291 1639 471 1707 temperata,
490 1628 623 1690 modicus
637 1628 678 1691 est
693 1630 730 1691 ibi
746 1628 897 1702 Excessus,
929 1631 976 1692 vel
992 1627 1089 1691 nullus
1108 1629 1140 1690 iu
1163 1628 1278 1709 Frigore
1296 1625 1343 1687 vel
1357 1623 1501 1686 Calore.''
1518 1626 1679 1692 Proeiverat
1693 1639 1792 1697 Vene-

142 1711 242 1774 rabilis
257 1707 339 1773 Beda
355 1710 421 1792 (blt
444 1717 467 1748 ‘¹
488 1715 629 1778 Hibernia
645 1717 765 1800 (inquit)
781 1718 811 1778 ἃ
828 1717 994 1782 Latitudiue
1008 1715 1046 1778 sui
1061 1716 1171 1791 Status,
1194 1716 1225 1787 &
1248 1712 1419 1796 Salubritate
1438 1731 1472 1773 ac
1494 1711 1657 1779 Serenitate
1678 1722 1795 1785 Aeriam

141 1805 167 1839 ‘⁴
192 1795 321 1860 multtim
339 1797 504 1859 Britanniae
519 1801 642 1883 praellnt,
659 1805 699 1867 im
722 1820 757 1866 ut
779 1808 845 1867 raro
861 1804 899 1865 ibi
925 1801 991 1867 Nix
1012 1800 1161 1886 plusquam
1189 1798 1320 1864 triduana
1345 1815 1518 1870 remancat;
1542 1797 1645 1863 Nemo
1674 1825 1795 1891 propter

144 1890 172 1925 “
193 1886 360 1969 Hyemem,
382 1901 433 1946 aut
447 1885 629 1949 i'oena'secet
641 1888 774 1969 OEslate,
796 1907 846 1954 aut
861 1890 980 1954 Stabula
994 1889 1119 1953 fabricet
1132 1888 1310 1970 Jumentis.'’
1345 1888 1383 1947 Et
1402 1883 1478 1960 tane,
1506 1902 1540 1962 ut
1553 1888 1655 1970 paucis
1672 1894 1795 1958 conclu-

143 1971 226 2048 dam,
243 1971 342 2033 multo
356 1969 425 2033 Plus
435 1975 557 2056 Frigoris
572 1975 602 2037 iu
613 1974 714 2052 Italia,
731 1980 760 2039 &
774 1976 886 2053 Gallia,
895 1982 986 2062 quim
999 1979 1028 2040 in
1041 1976 1199 2048 Hibernia,
1215 1972 1269 2058 ipse
1282 1988 1417 2058 expertus
1431 1972 1505 2034 sum.

187 2057 225 2121 ΙΙ.
249 2056 437 2122 Oorotnn
465 2059 590 2124 insulam
614 2062 741 2126 nostram
755 2065 888 2129 nominat
896 2064 1067 2130 Plutarchus
1081 2067 1130 2145 (i),
1153 2060 1234 2139 cujus
1249 2061 1449 2142 appellationis
1465 2060 1624 2124 Rationem
1640 2058 1793 2122 camdenus

144 2144 188 2228 (l)
204 2146 235 2207 in
248 2145 328 2208 bunc
345 2146 471 2209 modum
483 2148 644 2231 expendit:
663 2155 687 2187 “
699 2155 772 2215 Non
786 2152 934 2215 immerito
944 2150 1005 2214 haec
1021 2147 1114 2213 Insula
1129 2145 1251 2230 Ogygia,
1266 2148 1293 2209 id
1305 2146 1346 2209 cll
1357 2147 1533 2228 perantiqua,
1548 2144 1793 2224 Plutarcho-dista

139 2241 167 2271 ⁴‘
187 2231 253 2297 suit.
301 2236 331 2295 A
346 2232 569 2316 profundissima
581 2238 660 2299 enim
686 2239 875 2322 Antiquitatis
900 2239 1049 2301 Memoria
1064 2235 1206 2298 Historias
1221 2234 1285 2296 suas
1311 2233 1502 2318 auspicantur,
1519 2235 1592 2296 adeo
1613 2250 1645 2296 ut
1660 2255 1720 2315 ptae
1739 2237 1793 2298 illis

144 2324 168 2357 “
190 2318 332 2382 omnium
348 2318 498 2384 Gentium
522 2325 674 2408 antiquitas
686 2322 721 2386 sit
735 2328 873 2402 Novitas,
891 2326 921 2387 δι
937 2321 1159 2408 quodammodo
1183 2320 1338 2383 Infantia.'’
1384 2323 1477 2382 Porro
1492 2316 1631 2403 Ogygiam
1644 2319 1794 2402 appellant

142 2408 247 2478 Poetae
259 2410 340 2470 Rem
356 2423 500 2484 ueterem,
524 2412 551 2473 &
567 2410 684 2494 quidem
699 2412 737 2475 ab
762 2411 868 2496 Ogyge,
890 2416 972 2496 Rege
1000 2409 1159 2476 Thebarum
1182 2407 1372 2472 vetustissimo
1387 2408 1437 2487 (l).
1485 2409 1585 2489 Atque
1600 2429 1634 2470 ea
1649 2409 1684 2470 de
1699 2409 1794 2472 Causa

145 2491 398 2577 Egyptusetiam
421 2491 532 2578 Ogygia
557 2498 728 2581 appellatur.
774 2499 902 2583 AEgyptij
929 2500 1038 2562 etenim
1068 2494 1248 2579 Populorum
1269 2495 1405 2556 omnium
1428 2492 1607 2556 vetustiffimi
1621 2495 1792 2573 efferuntur,

145 2582 406 2664 Displinarumquc
421 2583 617 2665 complurium
629 2590 812 2662 inventores,
828 2586 958 2668 aquibus
973 2584 1072 2649 Graeci
1080 2603 1129 2644 eas
1146 2583 1270 2660 mutuati
1285 2581 1357 2644 sunt.
1405 2581 1480 2641 Hinc
1495 2582 1657 2643 Terrarum
1669 2583 1792 2661 Parrus,

144 2688 265 2731 necnon
281 2666 402 2730 arnum
416 2665 519 2732 Mater
534 2672 612 2735 dieta
624 2671 663 2735 cll
671 2673 817 2757 AEgrptur,
831 2690 864 2736 ut
876 2671 1103 2752 accuratissimus
1120 2668 1346 2756 AEvisupetioris
1360 2668 1498 2751 Scriptor,
1508 2667 1661 2731 Radericas
1675 2670 1792 2734 o-Fu-

141 2755 228 2830 berry,
252 2755 409 2837 Armiger,
425 2756 504 2820 rcile*
521 2757 643 2821 advertit
660 2759 722 2842 (m).

187 2844 264 2903 Hau
275 2866 297 2905 a
320 2862 375 2904 me
388 2842 467 2918 latet,
491 2846 649 2908 nonnullos
664 2847 785 2927 opinari,
810 2844 985 2909 Hiberniam
996 2862 1057 2905 non
1073 2844 1131 2905 effe
1145 2841 1292 2907 Plutarchi
1306 2838 1402 2904 OGY
1404 2836 1453 2902 Gl
1457 2842 1534 2914 AM,
1558 2842 1637 2924 quia,
1649 2843 1793 2926 inquiunt,

143 2944 225 2990 tanta
235 2950 293 2993 uon
308 2929 350 2992 etl
386 2931 537 2994 marrata
550 2949 658 3018 quanta
668 2932 746 2997 illius
775 2929 889 3015 Ogygia
903 2934 920 2995 ai
934 2931 1091 2994 Britannia
1107 2930 1254 2993 Distantia.
1300 2926 1414 2991 Verium
1429 2927 1597 2990 Plutarchus
1611 2931 1641 2991 in
1653 2930 1795 2997 Distantia

143 3017 244 3098 potitis
267 3038 363 3081 errare
377 3014 531 3081 canardus
541 3019 591 3094 cll,
606 3025 694 3104 quam
712 3023 740 3083 iu
754 3017 811 3103 ipsa
824 3018 930 3094 Insula,
947 3017 1033 3097 eujus
1049 3017 1127 3079 Situs
1143 3017 1182 3080 ad
1188 3015 1350 3080 Britanniae
1361 3012 1509 3077 Occasum
1523 3011 1669 3082 satisdare
1682 3015 1794 3100 suadet,
1901 3017 1906 3024 ’

144 3103 314 3166 bilariam
336 3123 404 3165 cam
422 3103 479 3166 esse
491 3107 639 3190 Ogygiam,
664 3107 700 3169 de
724 3126 782 3191 qua
805 3103 986 3179 Plutarchus,
1013 3094 1153 3186 loquitur,
1179 3119 1211 3165 ut
1236 3101 1320 3164 acute
1338 3099 1466 3162 observat
1487 3097 1696 3164 O·Flahertius
1719 3126 1795 3170 mox

144 3188 276 3252 laudatus
288 3191 350 3270 (a),
368 3190 416 3272 qui
428 3197 581 3274 propterca
594 3192 674 3256 suam
692 3193 805 3256 Rerum
819 3193 1041 3256 Hibernicarum
1056 3185 1435 3272 chronologiam'inscripstt
1444 3187 1591 3269 Ogygiam.

185 3280 381 3339 Paoracr‘o
406 3278 479 3338 Anti
503 3280 575 3341 uitas
592 3279 743 3342 Hibernia
763 3278 872 3363 liquido
897 3293 978 3362 patet
1004 3298 1042 3339 ex
1067 3275 1146 3351 Lite,
1168 3279 1198 3339 in
1221 3275 1356 3339 Concilio
1382 3273 1688 3357 antemuranum
1709 3277 1792 3357 1416

143 3367 204 3425 orci
217 3366 294 3427 intir
309 3299 612 3445 Anglommiraria
635 3372 676 3439 V,
701 3366 731 3429 δι
745 3364 770 3427 F
771 3386 928 3429 raucorum
943 3365 1040 3427 Caroli
1053 3370 1109 3428 Vl.
1131 3368 1249 3448 Regum
1268 3366 1424 3434 Oratores,
1447 3361 1483 3422 de
1502 3358 1700 3448 Praecedeotia
1715 3382 1792 3425 con-

143 3450 318 3513 tendentes„
352 3451 497 3513 Vicerunt
512 3452 619 3535 quippe
631 3447 776 3515 Oratores
792 3451 912 3516 Haarrci
923 3468 1044 3535 propter
1052 3452 1266 3535 Antiquitntcm
1277 3450 1384 3533 Regni,
1404 3468 1465 3508 non
1478 3446 1603 3528 Angliae,
1624 3445 1669 3511 sed
1683 3444 1794 3510 Hiber·

141 3537 206 3615 rr'e,
230 3537 423 3602 Austoritate
443 3537 511 3602 freti
548 3536 585 3598 B.
612 3537 722 3603 rllhrrti
748 3540 866 3621 Magni,
898 3540 927 3598 lla
956 3536 1152 3601 Barthrlamaei
1175 3536 1298 3617 Anglici,
1321 3550 1354 3597 ut
1375 3534 1505 3596 Salienus
1528 3534 1630 3614 (a),'&
1653 3533 1791 3620 issarius,

143 3626 334 3689 Acatbolicus
366 3623 558 3710 Archipraesul
582 3625 778 3689 Armarhanus
794 3626 851 3707 (p),
886 3624 986 3687 diserte
1013 3625 1150 3687 reserum.
1195 3622 1294 3687 Verba
1322 3621 1485 3695 auorum,
1516 3629 1577 3682 ‘uon
1600 3636 1634 3681 ut
1658 3620 1793 3703 impressa

140 3710 286 3796 leguntur,
318 3712 367 3776 sed
392 3727 425 3776 ut
461 3710 675 3797 conspiciuntur
701 3715 731 3776 in
772 3713 954 3860 bibliothegp
981 3711 1146 3776 Cattaniaaa
1172 3710 1315 3786 Londini,
1354 3710 1382 3772 &
1415 3707 1491 3792 apud
1529 3708 1791 3854 Saturnumfimox

970 3816 987 3859 a
1608 3811 1693 3855 recen
1715 3809 1792 3857 tum.

177 4057 218 4132 (cl
241 4055 428 4134 Gangraphiae
439 4057 545 4124 Sacrae,
566 4054 623 4115 Lib.
639 4056 655 4113 i.
678 4055 746 4132 Cap.
763 4038 854 4113 strix.
1053 4054 1095 4130 (b)
1106 4054 1297 4133 Ecclefierslicae
1304 4054 1430 4132 Historia
1438 4053 1794 4134 GentirAnglarum,Lss).i.

179 4137 221 4210 [a]
244 4135 423 4194 Obdormirit
443 4135 469 4192 in
490 4135 612 4192 Domino
635 4136 719 4191 Anno
739 4133 836 4191 Cbristi
855 4132 922 4210 908.
1011 4132 1080 4209 Cap.
1088 4134 1107 4191 i.
1345 4151 1347 4156 ’

143 4210 188 4270 Vir
198 4216 251 4273 stria
268 4215 404 4282 eruditus,
427 4215 665 4290 &Antiquitatum
677 4212 826 4270 nostratum
842 4211 927 4271 scieu-
1053 4212 1088 4286 (i)
1111 4210 1168 4270 Lib.
1181 4212 1215 4268 de
1226 4213 1346 4269 Facirin
1362 4210 1437 4269 Orbe
1447 4212 1542 4271 Luna.

146 4293 265 4360 sissimus,
301 4291 456 4371 scripsitque
485 4291 642 4362 Historiam,
671 4291 835 4368 Psalteriam
858 4290 927 4368 Cas·
949 4331 954 4342 .
1053 4290 1094 4365 (l)
1117 4289 1148 4347 lu
1162 4291 1348 4366 Descriptione
1361 4290 1514 4348 Hiberniae.

138 4371 249 4449 ,sitense
271 4371 369 4449 palium
393 4369 568 4449 appellatam,
596 4392 657 4447 qnae
680 4364 829 4427 etiamnum
840 4385 926 4438 extat,
1053 4370 1079 4444 (l
1096 4367 1293 4426 Flamitanao
1306 4369 1515 4444 Mundi,2125.

147 4457 282 4530 &magno
298 4451 415 4508 habetur
435 4449 532 4518 Pretio,
554 4450 640 4528 inquit
650 4451 777 4512 Waraeut
791 4450 824 4507 de
833 4451 927 4525 Scrip-
1053 4448 1104 4524 (m)
1126 4447 1157 4504 ln
1182 4448 1229 4504 sua
1251 4448 1371 4525 QOgiar
1393 4448 1439 4505 seb
1458 4449 1562 4508 Rerum
1585 4446 1792 4508 Hibernicatum

145 4529 238 4588 natm
252 4529 408 4599 Hibernia,
430 4527 490 4586 Lib.
505 4528 520 4586 i.
543 4527 611 4604 Cap.
634 4528 667 4586 ui⁴
1013 4525 1206 4602 Chronologia,
1226 4528 1290 4604 Peg.
1307 4545 1353 4586 22.

181 4609 219 4682 (e)
242 4607 332 4667 Num.
350 4609 393 4666 vii.
416 4606 499 4684 hujus
519 4605 628 4682 Capitis.
1054 4607 1098 4681 (n)
1122 4605 1232 4664 Ibidem.

179 4687 227 4763 (s)
249 4686 321 4748 Diu.
335 4689 353 4747 i.
367 4686 439 4763 Cap,
452 4706 518 4754 xxv.
541 4685 740 4744 Testimonium
756 4689 835 4763 porro
848 4684 927 4763 ipsius
1057 4686 1095 4760 (a)
1120 4682 1175 4741 Tit,
1192 4687 1259 4742 Han.
1282 4683 1342 4743 Par.
1365 4683 1460 4762 1.Cap.
1482 4684 1534 4743 viii
1555 4682 1643 4741 Num.
1660 4680 1695 4738 xi.

145 4763 218 4822 &bct
231 4767 392 4844 cssemagui
407 4765 546 4833 Ponderis,
586 4766 631 4822 uia
647 4764 840 4841 Hibernigenr‘r
855 4770 927 4824 bene
1054 4764 1096 4839 (p)
1119 4762 1207 4824 Tra&
1223 4765 1257 4822 de
1283 4763 1436 4845 Religa'ane¹
1449 4764 1575 4824 Veterum
1600 4758 1796 4829 'llhernorunu

147 4843 404 4914 erminonem,
426 4859 458 4900 ut
473 4842 558 4901 Num.
602 4842 650 4902 lli
668 4844 834 4904 ostendetur.
1013 4841 1081 4922 Cap.
1098 4841 1147 4900 ult.

181 4925 227 5002 (g)
250 4925 309 4986 lm.
325 4945 375 4984 nr.
401 4921 472 5003 Cap.
488 4921 563 4984 lxxx.
