4017 5217
767 81 932 223 ‘Caput
967 86 1210 214 Osiaveenn
1360 121 1365 130 ·
1639 82 1700 232 ab
1708 107 1735 209 3·

157 292 267 361 fuisse?
292 298 371 380 Quid
389 302 478 367 etiam
490 303 519 369 io
530 302 686 371 Praesentia
699 309 949 387 commemorem,
974 309 1129 374 incredibili
1156 310 1306 393 Apparatu
1329 303 1500 380 instauratos
1518 305 1548 368 in
1563 302 1770 390 Auguslissrma

156 381 237 479 Urbe
254 388 453 472 Triumphus,
477 409 524 458 tot
539 392 651 458 festivas
668 398 768 473 Faces,
792 413 836 459 rot
851 391 940 462 Cera
965 398 1075 460 collitas
1102 395 1226 471 Taedae,
1249 411 1296 457 rot
1322 392 1474 477 impositos
1500 393 1652 474 stipitibus
1669 397 1772 482 Ignes,

155 467 299 570 Mrlleque
321 475 350 537 id
362 481 477 555 Genus,
498 480 602 561 quibus
618 481 745 568 Senarus„
755 480 932 569 Popusnsqree
946 484 1102 557 Romanus,
1125 480 1320 546 effervescenti
1336 479 1452 543 Laettris
1466 478 1599 563 gestiens,
1623 477 1771 542 Etettioni

153 553 326 656 baoflrffimi
340 561 417 626 illius
427 565 574 629 Pontificis
589 569 750 652 gratulatus
761 570 810 646 est,
835 570 940 654 supinis
957 570 1098 632 Manibus
1114 575 1185 634 Deo
1199 571 1324 651 Optimo
1343 566 1477 629 Maximo
1489 565 1674 628 immortales
1690 569 1770 627 Gra·

153 655 205 706 11³⁵
226 666 327 730 agens.
370 651 470 715 Crevit
484 653 583 737 postea
600 656 736 732 omnium
751 652 876 732 Laetitia,
898 676 953 719 nec
966 656 1091 740 ampbtls
1104 657 1179 719 intra
1202 654 1439 718 Praecordiomm
1452 652 1540 715 Sinus
1552 654 1701 714 continere
1712 650 1769 715 sese

152 737 538 812 potueruntexundantium
554 737 653 803 AEstus
668 741 859 807 (iaudiorum
880 740 996 827 quandb
1022 741 1225 806 Sanslislimus
1247 741 1294 816 ille
1316 738 1458 804 Pontifex
1482 739 1651 802 Benediflus
1664 735 1773 813 xm,-

151 819 285 905 ablegato
300 824 382 885 omni
393 823 489 903 Faslu,
502 827 617 890 Civium
628 828 731 891 Oculis
742 826 1031 913 circumspicientium
1045 831 1073 891 in
1085 829 1167 892 Vicis
1182 825 1340 912 Plateisque
1355 826 1441 889 Urbis
1454 823 1479 887 se
1492 826 1628 908 praebuit.
1675 828 1769 888 Tunc

150 905 232 970 enim
247 905 410 974 Neminem
425 913 549 976 omninri
563 914 771 998 nequeAEtatis
788 915 1092 1000 Imbecillitas,ncque
1102 915 1242 979 CuraRei
1257 913 1414 990 familiaris,
1437 932 1531 995 neque
1546 910 1658 988 Pudor,
1674 931 1771 997 neque

151 992 302 1057 v²¹⁶¹¹¹P⁰
316 998 545 1082 Wmllalllgafer
567 1001 726 1084 quominus
738 1003 854 1066 Oculos
868 1000 1017 1066 desiderati
1033 1003 1186 1067 Pontificis
1212 1001 1344 1086 expleret
1369 997 1553 1083 Spefiaculo.
1600 997 1764 1063 Procurre-

148 1075 221 1142 bant
246 1079 371 1159 Parvuli,
393 1083 581 1167 prosiliebant
599 1087 816 1168 Adulescentes,
838 1087 1029 1153 effundebant
1044 1087 1098 1152 sese
1113 1092 1249 1173 Juvenes,
1272 1086 1463 1171 prorepebant
1470 1085 1533 1164 jam
1549 1082 1698 1146 Morbum
1711 1086 1771 1149 ob-'

21 1183 22 1202 ¹
149 1163 191 1227 Μ
250 1170 318 1246 ῐῦῐῑι
340 1169 468 1254 Plerique
483 1193 535 1255 pet
548 1173 670 1237 Viarum
692 1176 853 1261 Ambages,
876 1175 912 1239 ad
925 1175 978 1238 alia
989 1190 1075 1260 atque
1089 1176 1143 1238 alia
1159 1176 1298 1258 Compita
1308 1170 1551 1247 transcurrebant,
1581 1185 1614 1231 ut
1630 1171 1769 1234 Benedic-

149 1188 321 1332 ren²lss1u
344 1258 523 1322 Pontificem
538 1259 773 1336 Sanslitiimum,
796 1261 893 1325 videre
906 1262 1016 1339 liceret,
1036 1263 1113 1325 laetis
1135 1261 1403 1335 Gratulationibus,
1427 1258 1522 1321 faustis
1538 1257 1768 1336 Precationibus,

148 1337 263 1423 allique
281 1339 405 1407 sunrmae
418 1345 581 1410 Alacritatis
604 1347 721 1426 Indicijs
734 1349 830 1433 palam
843 1348 862 1411 si
902 1347 1050 1426 ificantes,
1074 1347 1114 1424 se,
1126 1350 1186 1432 qud
1199 1348 1262 1428 plus
1275 1347 1399 1409 Vultum
1411 1348 1473 1409 tim
1491 1344 1589 1406 Sanbii
1601 1344 1767 1421 pontificis,

148 1425 417 1512 reramsptrmrem
429 1433 590 1509 Pietatem,
612 1453 736 1518 eamque
760 1434 819 1515 alijs
833 1370 1027 1514 inffillmtem,
1047 1435 1261 1520 perspiciebant,
1283 1436 1321 1497 en
1347 1429 1446 1498 mimis
1464 1429 1585 1515 expleri,
1608 1427 1655 1492 sed
1679 1433 1770 1515 magis

21 1563 23 1610 3
148 1531 184 1576 ac
196 1516 294 1598 magia
306 1515 450 1581 intuendo
463 1518 549 1592 sitire.

189 1602 270 1664 Nnc
294 1603 417 1666 Romani
430 1602 558 1681 semitm,
570 1600 614 1668 sed
630 1607 660 1669 ae
676 1619 786 1685 totum,
798 1610 857 1692 quir
866 1605 925 1670 tart
938 1622 1030 1691 patet,
1052 1604 1169 1672 Orbem
1183 1604 1377 1672 Christianum
1391 1602 1507 1668 Elesiio
1520 1604 1668 1667 benedieti
1680 1604 1771 1667 xm

145 1685 294 1754 immenso
307 1689 426 1752 Gaudio
439 1689 576 1776 perfudit,
597 1695 757 1779 omnesque
772 1692 891 1758 summis
904 1695 1030 1775 Laetitijs
1052 1694 1233 1774 exultabant,
1256 1691 1336 1777 qudd
1358 1692 1499 1768 viderent,
1514 1703 1565 1753 aut
1589 1688 1691 1753 saltem
1713 1689 1770 1753 sci·

147 1789 226 1846 tent,
244 1776 387 1842 Romane
402 1776 539 1841 Ecclesiae
554 1791 626 1842 tnnc
639 1781 760 1864 praeesse
775 1780 964 1855 Pontificem,
975 1782 1012 1843 ab
1027 1783 1109 1844 omni
1123 1781 1218 1859 Faslu,
1232 1781 1263 1845 be
1276 1780 1355 1842 elato
1368 1776 1530 1861 supercilio
1545 1775 1767 1853 abhorrentem,

146 1862 195 1946 qui
206 1861 341 1925 infirma
356 1861 449 1926 Plebis
461 1866 640 1940 Hominum,
654 1867 689 1928 ad
711 1870 798 1931 Sacra
811 1866 971 1950 Religionis
993 1866 1197 1932 Monumenta
1218 1866 1401 1942 adeuntium,
1419 1864 1512 1928 Pedes
1537 1862 1682 1938 abluebat,
1711 1864 1771 1926 suis

21 1947 22 1970 ¹
145 1947 293 2011 Manrbus
307 1947 456 2013 Alimenta
469 1951 628 2035 prebebat,
639 1954 772 2017 Mortem
782 1955 812 2017 in
824 1953 965 2037 Tugurijs
979 1955 1011 2016 δι
1028 1954 1231 2034 Xenodochijs
1244 1948 1420 2032 obeuntibus
1432 1949 1568 2013 Ecclesiae
1581 1949 1771 2014 Sacramenta
1844 1948 1882 2010 ’Ἃ

21 2085 23 2096 ,
144 2033 369 2098 administrabat.
415 2035 493 2101 Haec
505 2040 603 2101 omnia
614 2038 753 2124 pluraque
764 2041 817 2104 alia
829 2044 948 2104 Notatu
960 2037 1132 2124 dignissima,
1155 2062 1221 2124 quae
1231 2056 1330 2103 tamen
1349 2038 1519 2123 perscribere
1533 2037 1657 2119 longum
1674 2034 1771 2114 forer,·

142 2117 199 2198 ipse
210 2122 282 2201 vidi,
305 2141 397 2207 eaque
409 2123 555 2189 concinne
570 2126 657 2188 refert
686 2127 755 2189 alter
777 2125 811 2190 T
813 2128 875 2191 estis
891 2125 1051 2203 Oculatus,
1075 2126 1259 2190 Clarissimus
1278 2127 1390 2189 Noster
1411 2111 1591 2206 Hyacinthus
1612 2121 1707 2185 Amat
1728 2125 1766 2185 de

21 2213 23 2222 ’
144 2206 299 2294 Graveson
312 2207 368 2292 (y).
411 2211 518 2294 Neque
531 2212 601 2274 citrai
615 2205 739 2276 summae
753 2210 966 2297 ingratitudinis
981 2211 1096 2275 Vitium
1111 2213 1377 2295 eapraetermittere
1393 2212 1486 2294 potui,
1509 2208 1560 2271 etsr
1575 2209 1670 2271 obiter
1690 2207 1773 2271 dun·

142 2300 229 2359 nnat
243 2294 420 2358 Sermtumm
433 2297 543 2360 faciens
557 2298 594 2360 de
610 2297 779 2361 Beatissrmo
799 2299 852 2363 islo
873 2299 1031 2376 Pontifice,
1052 2302 1175 2365 Ordinis
1188 2299 1414 2362 Praedicntornrn
1429 2296 1576 2373 Alumno,
1599 2309 1687 2379 atque
1700 2315 1773 2359 mu·

21 2379 22 2394 *
143 2379 370 2446 nifieentiffimo
385 2383 580 2447 ssibernornrn
596 2384 785 2448 Benefaslore
806 2383 865 2468 (z).

185 2470 268 2530 XII.
296 2465 427 2532 Mensa
452 2470 611 2533 Decembri
622 2468 747 2550 ejusdem
772 2472 848 2533 Anni
876 2488 971 2551 1724,
994 2469 1102 2554 aliquot
1117 2467 1229 2533 Diebus
1241 2469 1310 2533 anti
1323 2471 1425 2532 Portae
1442 2466 1560 2532 sinuae
1576 2468 1769 2552 Apertionem

143 2555 214 2638 (qus
226 2555 259 2616 in
275 2553 428 2637 Pervigilio
448 2551 563 2619 Natalis
577 2556 702 2620 Domini
729 2557 882 2620 inchoatur
902 2559 1004 2620 Annus
1030 2555 1158 2640 Jubilaei)
1185 2555 1330 2630 laudatus,
1354 2557 1552 2639 &nunquam
1577 2576 1633 2638 pro
1648 2555 1772 2619 Meritis

21 2693 22 2698 ,
141 2642 207 2704 satis
222 2640 400 2716 tardandus,
424 2644 507 2705 omni
523 2641 625 2708 Laude
646 2644 749 2722 major,
764 2642 899 2707 Pontifex
916 2643 976 2719 Re,
1000 2644 1175 2706 &Nomine
1190 2644 1371 2718 sennenn,
1394 2642 1606 2727 Presbyterum
1621 2643 1771 2705 Cardena·

142 2727 201 2794 tem
217 2728 330 2790 creavit
346 2725 463 2790 Rmum
476 2727 653 2811 Magistrum
669 2729 787 2792 Ordinis
800 2733 832 2793 P.
848 2729 1034 2818 Augustinum
1046 2731 1143 2815 Pipim
1168 2730 1216 2813 qui
1232 2727 1313 2790 Pilco
1338 2727 1439 2790 Rubro
1454 2725 1578 2791 donatus
1595 2728 1635 2791 esi
1650 2727 1710 2791 Die
1727 2749 1771 2794 20

21 2859 22 2912 l
141 2813 274 2965 plusdem
285 2814 408 2963 fil-‘⁰⁰⁵'
433 2816 490 2878 Die
504 2831 633 2900 autem5
655 2813 800 2896 Februarii
815 2818 927 2899 accepit
941 2813 1097 2886 ΑιιιιιιΙιιιιι
1114 2814 1350 2890 cardinalitium,
1366 2816 1396 2876 8ι
1415 2816 1560 2880 Titulod.
1572 2816 1653 2878 Sinti
1668 2817 1709 2898 (a)
1722 2817 1773 2882 iu*

152 2918 269 2986 rgnrtus
320 2916 349 2962 rt

21 3311 22 3322 ,
140 3254 213 3324 rite,
246 3270 330 3332 quern
347 3245 406 3308 Nor
419 3239 557 3330 expressi,
572 3247 695 3308 Domina
710 3243 874 3331 miserante,
884 3257 925 3329 pr

21 3037 23 3056 ι
184 2991 244 3051 Au
256 3006 421 3049 orssnns
437 2984 491 3048 nte
504 2984 545 3048 de.
554 2985 602 3052 Re
620 2988 740 3071 ipsemet
765 2990 908 3056 Summus
924 2985 1077 3063 Pontifex,
1101 2983 1312 3068 Cardinalesin
1340 2985 1519 3048 Confislorio
1548 2982 1696 3068 alloquens
1709 2987 1771 3050 Die

21 3069 22 3138 ι
141 3093 184 3139 20
202 3075 385 3138 Decembris
411 3091 505 3153 1724,
523 3074 605 3136 Pcria
623 3071 673 3136 lV'
691 3073 830 3157 Qaatuor
845 3075 1034 3155 Temporum
1059 3071 1118 3154 (hle
1140 3074 1269 3159 AEqnnrn
1300 3072 1415 3159 insuper
1427 3069 1578 3157 censemur,
1590 3073 1773 3136 Venernbller

21 3223 22 3242 ἦ
141 3155 279 3236 ἵναῖνα,
302 3173 336 3222 at
347 3161 458 3224 Ordini
479 3157 964 3234 Fratrnml'raedicaternen,de1s‘
978 3183 990 3217 s
1017 3161 1084 3221 elice
1094 3160 1171 3235 Sede,
1195 3164 1231 3227 si
1246 3162 1391 3222 Catholica
1403 3158 1471 3221 Fide
1486 3155 1696 3244 luculentiffirni
1712 3183 1771 3222 ene-

926 3173 999 3330 ιβι
1030 3261 1259 3326 ermengarium
1288 3249 1374 3307 etiarn
1386 3242 1519 3308 Animum
1542 3265 1660 3325 congruo
1675 3247 1774 3330 alique

138 3332 308 3416 Pontificiae
316 3333 482 3414 largireris
496 3329 667 3411 Argumenta
678 3332 869 3393 exhibeamus.
913 3330 985 3394 Cum
1001 3333 1075 3392 enirn
1090 3330 1143 3415 ipsi
1155 3341 1263 3394 tantan
1281 3334 1375 3393 Sacrae
1388 3329 1530 3410 Religioni
1541 3332 1592 3407 (nt
1607 3330 1681 3391 elicis
1694 3334 1773 3415 inge·

139 3421 198 3486 urei
210 3420 303 3506 ‚Vobis
315 3413 418 3502 testati
419 3413 523 3502 sumus
522 3419 539 3495 )
550 3429 689 3500 acceptam
702 3416 861 3503 reseramus
877 3409 1078 3558 Carpinasatrls
1089 3419 1282 3498 Dignitatem,
1307 3418 1363 3504 quei
1391 3415 1477 3480 nullis
1500 3412 1616 3502 nostris,
1623 3412 1680 3502 sed
1687 3432 1772 3502 pree·

982 3519 999 3560 2
1682 3504 1776 3563 clare
1801 3519 1805 3532 ⁶

141 3601 1768 3640 m

181 3681 236 3754 (7)
257 3678 337 3736 laco
350 3674 542 3734 monbudato.
979 3672 1086 3746 gerebat
1104 3670 1271 3728 beatissimus
1294 3671 1369 3746 Papa
1381 3667 1563 3730 Devotiunem
1584 3680 1650 3749 erga
1668 3671 1771 3729 Gentis

181 3760 232 3834 (z)
252 3755 321 3816 Non
337 3753 420 3813 saltim
445 3747 535 3810 AEdes
552 3748 649 3820 sacras,
669 3749 884 3825 Canubiumquo
911 3747 940 3810 el,
981 3748 1077 3806 nostra
1090 3747 1251 3825 Apostolum
1274 3748 1301 3805 S.
1324 3750 1489 3816 Pueritiam,
1513 3766 1545 3808 ut
1566 3747 1622 3826 ipse
1639 3765 1772 3829 expertus

140 3839 222 3894 Sinti
243 3837 280 3893 de
295 3833 383 3898 Urbe,
398 3829 542 3889 Provincia
560 3827 715 3897 Hibernia»,
739 3827 882 3885 Vetustate
897 3824 936 3881 la·
981 3825 1050 3894 sum,
1069 3829 1179 3905 quando
1194 3826 1220 3882 id
1234 3825 1314 3883 habui
1329 3821 1486 3892 Felicitatis,
1507 3840 1538 3884 ut
1552 3823 1691 3884 Sanbtitati
1706 3826 1769 3884 Suae

131 3914 237 3974 bauria
251 3913 288 3971 lic
298 3911 403 3978 refecit,
428 3923 533 3966 utnon
557 3908 753 3984 Reparatorem
771 3906 867 3972 modo,
891 3902 937 3960 sed
979 3901 1007 3961 in
1024 3903 1152 3962 Caenobio
1164 3905 1190 3962 S.
1200 3905 1277 3961 Sinti
1288 3923 1334 3978 per
1344 3903 1448 3962 Decem
1460 3902 1673 3964 Diescuntinuos
1685 3906 1771 3964 Exer-

139 3999 215 4070 pene
228 3991 413 4050 Fundatorem
424 3985 494 4046 illius
503 3985 609 4043 Domita
619 3985 717 4043 meritb
728 3983 815 4060 ipsum
825 3980 939 4048 dixerise
981 3981 1051 4058 citijs
1072 3981 1179 4050 vacanti
1199 3980 1375 4058 spiritualibus
1388 3980 1606 4058 impraetermisse
1625 3983 1774 4050 assisterem

142 4072 187 4129 sed
202 4068 314 4145 insuper
326 4064 481 4143 Collegium
493 4063 695 4139 Ladonisansnr
711 4060 891 4122 Hibernorun
908 4058 937 4118 in
981 4060 1008 4120 iu
1028 4060 1142 4138 publicis
1156 4058 1317 4137 privatisque
1331 4059 1467 4130 Precibus,
1487 4075 1568 4136 prout
1581 4061 1641 4119 alibi
1661 4063 1772 4126 uberius

141 4152 244 4208 eedem
255 4146 343 4214 Urbe,
358 4144 407 4202 sub
422 4141 564 4220 Regimine
574 4139 776 4200 Pksncierarie
788 4137 863 4213 jesu,
877 4133 937 4195 Ter
979 4136 1096 4208 dicetur,
1108 4136 1393 4214 Caprscilicetxiisi.
1408 4136 1495 4196 Num.
1513 4139 1564 4196 xxi.
1575 4138 1771 4209 Ulteribsdbm

141 4226 268 4285 Cmsarm
290 4223 379 4281 Sentis
398 4220 527 4279 Rotitanis
544 4217 642 4278 annuis
664 4222 802 4295 perpetuis
815 4214 935 4274 donavit.
981 4215 1134 4274 Cardinalis
1148 4214 1449 4292 esletebrchiepiscopus
1466 4217 1678 4282 Beneventanus
1693 4219 1771 4278 Con·

21 4303 22 4326 ³
143 4303 222 4363 Hinc
252 4299 431 4379 Spec'labilem
461 4301 568 4356 Patrem
595 4295 786 4354 Alexandrum
808 4294 841 4352 de
860 4293 938 4369 Rupe
981 4292 1088 4351 cionem
1098 4294 1190 4350 habuit
1200 4293 1378 4368 adPopulum
1388 4297 1421 4352 de
1433 4298 1595 4371 Pur-guterio
1604 4297 1629 4355 S.
1638 4297 1774 4376 Penestis,

145 4383 246 4459 (rulgd
260 4380 364 4448 Riese)
375 4375 518 4436 memorati
535 4374 646 4450 Collegij
669 4374 812 4434 Rectorem
826 4369 939 4449 dignis·
976 4387 1013 4429 ut
1026 4372 1131 4450 pridem
1141 4372 1245 4446 ajebem
1258 4369 1296 4427 Ca
1321 4371 1354 4431 si,
1366 4371 1452 4431 Num.
1461 4373 1498 4430 iii.
1515 4370 1569 4430 L'it.
1584 4373 1609 4431 b.
1624 4375 1690 4451 Pag.
1704 4391 1730 4451 ς.

144 4460 256 4527 fimum,
276 4459 464 4536 sepenumerri
484 4451 576 4512 audivi
597 4454 633 4511 de
657 4449 938 4516 Sanslitlimunotbro
1023 4453 1076 4518 (a)
1096 4448 1169 4524 Juris
1191 4449 1230 4507 est
1255 4394 1399 4510 Hilirnr'ae
1422 4453 1621 4521 Dominicanae,
1649 4470 1682 4514 ut
1701 4471 1771 4512 mot

144 4539 289 4608 Postitire,
304 4536 354 4595 ceti
364 4531 536 4609 Collegijsui
555 4530 729 4589 benefactore
744 4525 938 4588 munificentis·
985 4526 1249 4587 observammesind
1265 4528 1378 4588 Litus
1497 4537 1501 4542 ’

22 4639 23 4658 ι
137 4615 227 4690 fimo,
245 4616 349 4678 summa
370 4611 469 4693 Elegia
490 4609 645 4673 facientem.
696 4607 833 4716 Magpam
855 4604 939 4668 etiarn
1024 4603 1077 4680 (b)
1094 4603 1259 4668 ssanlsar.
1276 4603 1772 4698 Oris.Praedic.Tum.si.Pag.7oa.
