4017 5217
683 89 692 109 ·
736 49 893 186 Caput
915 57 1122 192 waram:
1664 65 1690 186 t
1701 85 1763 192 gr

158 237 249 314 doxis,
270 239 499 326 immambilibus
513 243 657 315 Catholici
668 245 810 315 Nominis
826 252 979 321 Osoribus.
1028 215 1177 340 Quodque
1188 209 1413 337 expediandnm
1426 247 1492 328 fuit,
1510 249 1718 314 Innocentiam
1734 251 1797 316 Ca-

158 328 459 414 lumniaAEquiratcm
476 334 601 397 Perfidia
614 336 693 401 vicit.
738 341 887 405 Profertur
902 345 992 427 igitur
1019 343 1115 407 feralis
1126 342 1288 414 Sententia,
1310 344 1371 425 qui
1393 341 1522 429 jubetur,
1545 356 1578 402 ut
1594 341 1723 425 Laqueo
1736 335 1795 401 sus·

156 416 267 500 pensem,
292 419 321 479 8ι
339 420 366 483 ἰη
383 422 486 483 Partes
508 422 654 500 dissectus,
676 439 812 490 extremo
839 429 1037 493 Perduellium
1064 430 1213 514 Supplicia
1237 428 1389 493 afficiatur.
1437 424 1578 489 Tandem
1603 425 1661 490 Die
1680 445 1707 488 r.
1723 425 1792 509 Julij

159 506 228 570 rtur
247 504 354 568 humili
369 503 497 594 Trosio(
524 512 644 594 (anglice
660 513 776 597 Sledge)
801 517 968 601 impofitus,
989 536 1183 581 concurrente
1214 518 1377 580 Hominum
1403 514 1605 593 Multitudine,
1628 510 1794 578 Tiburtium

155 595 236 655 extra
250 592 411 657 Laodioom
427 595 463 657 ad
479 597 649 662 consuetum
661 597 785 684 supplicij
803 606 920 670 Locum
937 607 1117 690 perducitur,
1142 604 1351 689 Spediaculum
1368 603 1474 666 illuslre
1485 602 1570 676 Deo,
1603 601 1735 686 Angelis,
1760 601 1792 663 &

156 676 332 742 Hominibus
354 681 462 748 fastus.
509 683 542 746 ln
558 688 662 749 celebri
688 689 800 754 illotot
817 692 991 777 Martyrum
1007 694 1144 758 Theatro
1167 709 1336 756 extremam
1361 694 1486 753 Saeuam
1511 688 1695 769 perasiurus,
1717 708 1793 749 con·

154 764 225 829 cessa
233 767 382 851 loquendi
407 767 433 831 F
434 769 573 849 aeultate,
589 775 623 837 ad
639 776 787 860 Populum
801 779 930 864 undique
945 780 1155 844 circumfusum
1181 780 1359 850 Orationem
1374 777 1475 844 habuit
1489 776 1732 859 praemeditatam.
1759 775 1792 841 dt

153 850 245 917 Manu
262 856 380 938 proprii
391 856 502 941 anglice*
520 859 721 946 conscriptam,
742 867 851 949 quaein
866 867 1013 930 nonnullis
1025 866 1229 932 circumfertur
1251 864 1358 942 Libris,
1381 866 1516 938 Londioi,
1535 865 1564 925 a
1576 862 1717 950 Dublioij
1730 865 1791 925 im-

151 939 272 1025 prcffis;
308 965 435 1028 quaque
459 945 544 1012 latiud
571 948 673 1033 legitur
699 953 729 1013 in
753 949 904 1037 Theolrgio
933 950 1118 1040 Tripartita,
1147 955 1284 1030 Auciore
1306 953 1451 1018 Richardo
1482 949 1657 1024 Arahario,
1682 950 1791 1014 Hiber-⁴

152 1047 201 1104 no,
223 1027 459 1115 SocietatisJesu
477 1034 622 1113 Alumno,
653 1039 824 1125 Antuerpiae
842 1041 966 1124 uulgata
985 1046 1076 1105 Auno
1104 1042 1197 1119 1682,
1222 1044 1359 1103 Toml.
1387 1042 1456 1123 Pag.
1476 1038 1549 1116 482·
1603 1036 1789 1103 consuetam

150 1113 270 1178 &mum
298 1115 383 1179 subi's
400 1120 623 1202 Camificlnam,
649 1122 773 1210 Laqueo
801 1127 931 1211 primum
960 1128 1162 1213 strangulatus,
1190 1126 1296 1213 Capite
1324 1127 1390 1189 dein
1414 1138 1579 1208 amputator
1602 1123 1788 1208 &COfPOre

152 1205 326 1304 quatuorin
341 1139 440 1269 sarra
463 1208 584 1273 diffeuo
608 1212 664 1296 (a).
709 1215 884 1278 Venerabile
909 1215 996 1299 ipsius
1028 1217 1130 1301 Caput
1160 1215 1329 1293 Portarum,
1353 1214 1383 1276 in
1410 1211 1568 1287 Hibernia,
1592 1226 1785 1295 exportatum

150 1288 289 1366 surt„ubi
299 1291 329 1354 id
340 1291 398 1355 vidi
413 1295 489 1378 apud
506 1295 652 1362 Moniales
665 1298 773 1365 nostras
789 1302 844 1388 (w)
862 1305 891 1365 in
905 1303 1011 1366 Theca
1026 1306 1188 1389 Argentea,
1205 1324 1241 1366 ex
1256 1323 1312 1387 qua
1324 1300 1437 1364 extrahi
1449 1297 1558 1384 potest,
1581 1300 1671 1362 etiam
1684 1292 1798 1383 quoad

148 1379 260 1453 Crines,
274 1381 378 1464 utique
391 1401 493 1456 canos,
508 1383 657 1468 palbabile.
1028 1413 1035 1432 t

189 1463 256 1528 Stra
280 1466 358 1530 idern
379 1471 518 1554 Tempus
532 1470 739 1536 Illuslrillimus
750 1476 856 1541 Petras
872 1472 1022 1553 Tribulus,
1032 1475 1172 1554 Comitis,
1186 1472 1375 1562 postmodum
1391 1473 1440 1557 (κ)
1457 1470 1563 1547 Ducis,
1586 1467 1786 1551 sircanollr'e,

146 1553 555 1644 atquelaliberniael'roregis,
579 1558 695 1639 Frater,
721 1561 959 1648 Arclriepiscopus
982 1567 1142 1631 Dublinr'err
1155 1589 1190 1639 rs,
1211 1561 1342 1626 strcnms
1368 1560 1474 1627 Christi
1490 1557 1623 1637 athleta,
1648 1559 1685 1620 ab
1708 1561 1783 1629 Haeq

145 1640 242 1703 rericis
252 1660 293 1704 cx
308 1642 466 1725 improviso
474 1649 747 1733 comprehenditur,
763 1652 792 1712 u
806 1652 842 1713 ad
853 1651 1006 1734 publicam
1012 1654 1110 1718 Parta
1158 1673 1218 1715 ouae
1231 1657 1385 1715 Carcerem
1396 1643 1612 1795 Dublinietgem
1641 1647 1786 1711 innocens

145 1725 309 1790 domnam
355 1732 394 1794 Et
408 1731 481 1794 dum
498 1736 626 1798 baeretici
639 1733 811 1800 Tribunalis
837 1737 957 1802 feralem
971 1739 1135 1824 expediant
1150 1740 1348 1815 Sententiam,
1362 1733 1529 1810 AErumnim
1585 1732 1786 1816 squalloribtu

144 1813 209 1878 tetri
222 1815 357 1880 Carceris
378 1819 545 1898 consedlus,
569 1822 745 1907 tandemque
766 1826 846 1909 gravi
874 1841 1026 1911 correptus
1050 1826 1217 1904 Infirmate,
1238 1846 1272 1889 ac
1296 1826 1431 1888 humanis
1452 1817 1596 1897 Praesidijs
1614 1840 1720 1904 magna
1741 1842 1784 1888 err

143 1900 230 1964 Parte
239 1902 407 1981 destitutus,
430 1927 482 1991 per
498 1909 706 1976 carnificinam
719 1910 801 1976 islam
814 1915 878 1977 tdrn
888 1915 1092 1998 multiplicem,
1113 1929 1236 1999 tamque
1248 1914 1433 1986 diuturnam,
1454 1910 1589 1975 Marem
1614 1907 1783 1992 gloriosam

142 2009 231 2074 quam
243 1991 361 2054 Securis
373 2014 435 2057 non
446 1997 555 2074 attulit,
579 2000 607 2059 in
624 1997 788 2061 Satellitum
802 1999 911 2063 crudeli
928 2001 1070 2066 Custodia
1081 2000 1195 2065 securus
1206 2001 1324 2064 invenit.
1774 2009 1779 2026 '

183 2075 253 2141 Sua
264 2077 344 2141 idem
357 2081 446 2144 ctiam
468 2082 602 2169 Tempus
625 2084 836 2150 rttuurittimus
847 2089 1017 2152 Dominicus
1033 2092 1067 2153 de
1080 2090 1190 2172 Eraga,
1218 2086 1350 2154 Comitis
1364 2084 1596 2149 Claarickordie
1611 2081 1669 2167 (y)
1693 2077 1783 2145 Con⁴

138 2158 328 2246 sanguineus,
353 2166 473 2232 Ordinis
492 2168 720 2236 Praedicatorum
734 2173 895 2250 Alumnur,
921 2177 1082 2261 Episcopus
1098 2174 1285 2262 Elphirrerfis,
1309 2171 1459 2240 alaudato
1480 2169 1695 2254 Arcutpraesule
1709 2170 1779 2234 01¹²

143 2255 223 2315 varri
234 2252 387 2316 Planketta
401 2275 441 2319 ea
451 2259 635 2348 Dublirrierfi
643 2257 770 2324 Carcere
784 2261 886 2327 crebrd
897 2280 948 2346 per
962 2260 1077 2327 Literas
1088 2262 1256 2326 admonitus
1271 2261 1307 2323 de
1323 2257 1521 2344 frequentibus
1536 2256 1682 2335 Gubemij
1699 2257 1781 2319 Aca-

137 2337 238 2404 tltolici
252 2339 387 2419 Consiliis
403 2345 441 2407 ad
466 2342 558 2426 ipsum
581 2347 765 2431 capiendum,
780 2347 871 2413 veluti
898 2349 971 2414 alter
993 2349 1164 2435 Atharrafiar
1185 2347 1213 2412 se
1236 2347 1380 2411 abscondit
1409 2345 1466 2431 (a),
1489 2347 1583 2429 eoque
1598 2364 1649 2407 ma
1669 2345 1692 2407 's
1708 2343 1782 2424 etim

136 2420 297 2501 metam,
321 2425 369 2490 seri
386 2429 594 2508 Proclomotr'o,
615 2451 648 2497 ut
661 2452 777 2504 vocant
793 2439 965 2522 aiProrcge,
988 2441 1018 2502 u
1035 2438 1179 2501 Sansiiori
1195 2435 1330 2500 Concilio
1346 2449 1495 2499 emanaret
1513 2431 1549 2496 de
1572 2431 1624 2495 B’s
1672 2446 1781 2502 eurum

135 2511 236 2576 Horis
253 2514 426 2601 Sterlinglris
451 2517 628 2601 Angliconr'r,
655 2519 703 2583 seu
730 2522 814 2588 octo
841 2523 975 2588 Centum
1000 2527 1098 2588 Scutis
1127 2522 1463 2604 remoraminaque
1488 2540 1558 2583 eum
1585 2516 1621 2581 ad
1641 2521 1783 2602 quemvis

133 2597 236 2683 Regni
247 2606 411 2666 (arcerem
427 2609 479 2667 tras
493 2607 552 2668 enti
566 2608 713 2672 solvendis.
745 2610 941 2676 Postmodum
957 2626 1057 2675 autem
1072 2610 1151 2675 Exul
1165 2611 1293 2704 Looanij
1302 2611 1331 2674 in
1343 2607 1474 2696 gloriosi
1491 2603 1685 2678 Couftffiffle
1695 2605 1777 2670 Cut-

131 2684 199 2752 sum
209 2687 298 2768 liujus
310 2692 391 2754 Vitae
403 2689 629 2770 consummarit,
652 2711 684 2757 ut
699 2695 814 2761 uberiris
826 2696 877 2760 suo
893 2697 977 2761 Loco
991 2700 1152 2762 narrabitur
1167 2700 1221 2782 (a).

175 2776 304 2840 XXIV.
329 2779 497 2841 Truarsr
520 2783 608 2844 toties
622 2781 756 2848 laudatus
778 2783 817 2847 P.
834 2786 980 2874 Jobanner
992 2787 1158 2860 O·Caanar,
1182 2779 1286 2867 passim
1298 2782 1394 2847 dislua
1412 2783 1477 2847 as,
1490 2781 1649 2853 Dominica
1663 2779 1691 2843 ln
1704 2778 1779 2844 Vlffl
1845 2785 1847 2788 ⁸

129 2854 305 2925 Ioirerarum
328 2866 574 2948 Apostolicorum,
589 2890 662 2953 quas
676 2891 767 2954 nuper
783 2873 824 2955 (b)
849 2874 876 2934 in
894 2872 1027 2936 Medium
1050 2873 1141 2949 aaut,
1164 2872 1345 2935 facultatem
1372 2871 1506 2933 babuerit
1529 2867 1718 2942 coavearm,
1741 2868 1774 2928 ἃ

129 2946 318 3018 Mooasteriu
333 2953 484 3027 fundandi,
507 2976 541 3018 ac
555 2955 682 3044 erigendi
695 2958 725 3020 in
748 2957 972 3023 Catholicorum
993 2965 1110 3045 Regum
1140 2959 1323 3034 Ditionibus,
1348 2956 1584 3042 quandoquidem
1607 2968 1709 3015 tamen
1724 2953 1778 3037 qul

127 3043 199 3103 rute
211 3038 285 3102 abor
296 3037 359 3105 tim
380 3041 481 3106 santio
501 3042 637 3108 tortiora>
652 3036 809 3131 suffragari,
821 3048 851 3110 8:
865 3047 976 3198 Manps
1000 3048 1146 3135 porrigere
1159 3046 1317 3134 debebant,
1338 3047 1455 3109 Fratres
1470 3043 1578 3127 nempe
1593 3038 1730 3188 ejusdlem
1745 3041 1777 3132 br

983 3155 1003 3201 2
1648 3148 1777 3212 anorum

165 3308 216 3384 (aa)
237 3307 316 3369 Huic
330 3310 357 3369 in
372 3308 577 3389 Metropolitica
596 3307 665 3369 Sede
685 3314 845 3370 Arsennaria
870 3311 930 3373 suc·
973 3310 1071 3374 Fratre
1085 3313 1133 3378 suo
1146 3312 1220 3389 Esau
1231 3309 1380 3388 fugientiu
1400 3310 1507 3388 qufir,
1525 3308 1609 3368 Metu
1620 3305 1774 3370 Pharaonis

122 3389 204 3448 oeffit
230 3385 278 3448 Fr.
297 3391 456 3450 Dominum
478 3392 622 3467 Maguire,
643 3389 755 3449 Ordinis
768 3389 930 3451 l'raedicato·
976 3393 1013 3454 ud
1024 3393 1204 3455 Madianirar
1219 3390 1390 3461 secedentisr
1411 3387 1551 3460 Dooidir,
1566 3385 1775 3465 seluSpelunca

123 3487 187 3526 rrtm
203 3467 358 3537 Alumnun
369 3482 401 3524 ut
416 3469 508 3527 videre
517 3469 566 3528 erit
577 3468 645 3547 Cap.
656 3470 709 3528 xiii.
725 3468 812 3530 Num.
823 3469 895 3529 lxxii.
975 3472 1058 3534 Metu
1072 3473 1163 3534 Saulis
1186 3468 1370 3538 occultanti„
1391 3468 1474 3536 ulae,
1500 3466 1525 3527 se
1552 3483 1660 3548 propter
1674 3464 1772 3526 Achab

22 3577 23 3586 κ
163 3545 229 3622 (aa)
251 3545 299 3606 De
324 3545 492 3607 Monasterio
507 3550 668 3627 Pontanenfi
681 3547 777 3608 Sermo
790 3550 842 3608 erit
856 3548 927 3627 Cap.
972 3552 1118 3624 abdentisa
1139 3552 1232 3620 Parasi,
1261 3557 1279 3609 a
1302 3547 1436 3606 Gentium
1459 3547 1591 3606 Praet'eclo
1618 3544 1771 3624 quesiti}

123 3627 165 3685 xi
184 3631 213 3701 5.
228 3626 265 3686 iti.
971 3630 1109 3694 Manibus
1122 3628 1254 3690 Damasci
1266 3629 1293 3687 in
1307 3626 1404 3705 Sparta
1421 3628 1458 3685 ad
1474 3625 1582 3704 Fugam
1601 3624 1719 3693 dimissu
1743 3628 1771 3685 dt

163 3704 220 3780 (x)
240 3705 391 3782 Regnante
410 3703 509 3765 scilicet
524 3704 671 3783 Jacoball,
685 3705 837 3765 Catholicae
854 3703 931 3766 Fidei
971 3710 1110 3788 Prncepto
1135 3711 1251 3787 denique
1283 3706 1382 3768 Christi
1411 3706 1524 3766 dicentis
1545 3702 1686 3786 (Matthaei
1722 3720 1769 3764 ro·

123 3781 245 3843 Cultore
255 3800 292 3843 ut
306 3783 374 3862 Cap.
391 3784 447 3862 seq.
469 3783 555 3847 Num.
575 3786 601 3845 li.
615 3785 723 3848 dicetur
742 3784 847 3844 Videtis
857 3784 928 3864 Cap.
973 3809 998 3846 v.
1013 3792 1079 3865 23):
1103 3787 1169 3850 Cirr
1180 3787 1375 3865 persequentur
1390 3785 1438 3843 Vos
1453 3790 1483 3843 in
1498 3786 1626 3842 Ciuitate
1641 3780 1767 3859 rstmsua

120 3860 155 3922 it
173 3869 204 3937 l·
220 3864 256 3922 ἧ
273 3861 362 3923 Num·
378 3864 395 3922 l
967 3874 1029 3946 gire
1042 3868 1177 3928 inaiiarrr.
1218 3866 1294 3926 Hinc
1306 3862 1432 3923 consulto
1445 3861 1623 3940 Evangelium
1638 3860 1709 3920 istud
1723 3859 1766 3918 le«

160 3941 224 4016 (J)
245 3939 369 4002 Consule
378 3940 731 4023 Cap.iv.Num.xvi.Pag.
747 3943 794 4004 82.
809 3943 927 4023 &,Cap.
990 3944 1173 4008 ituriaFcsto
1188 3944 1289 4003 laudati
1302 3945 1329 4004 S.
1340 3941 1486 4021 Athanafi'
1504 3961 1570 4000 cum
1591 3938 1767 4019 Homiliaip.
1849 3975 1853 3986 ι

118 4019 170 4080 εἰ
185 4020 282 4080 Num.
297 4019 361 4081 lxxi.
916 4077 920 4084 .
970 3966 1146 4093 salmonei
1183 4023 1299 4083 raelibata
1313 4024 1442 4101 Apologia
1495 4019 1613 4099 sumpti,
1631 4019 1700 4078 sicut
1713 4020 1767 4080 etia

156 4101 211 4176 (z)
231 4099 341 4159 Videlia
360 4101 431 4160 inter
443 4101 470 4160 S.
486 4101 632 4181 Athanafij
655 4102 749 4182 Opera
771 4107 799 4161 A
814 4104 926 4177 alogiam
969 4126 1014 4164 am
1030 4105 1103 4183 apud
1117 4045 1384 4166 Hisernosinfeuir
1398 4099 1558 4160 Sandiorum
1577 4096 1695 4164 Sunium
1716 4100 1769 4159 Coo

116 4195 166 4254 pru
184 4179 276 4259 fuga
294 4179 354 4250 sua,
371 4184 430 4261 qud
449 4179 476 4239 se
485 4198 585 4264 purgat
598 4190 615 4242 a
630 4185 747 4244 conficio
760 4123 927 4242 'l‘riniditatls
969 4183 1107 4250 lumbari,
1124 4184 1261 4250 Molli,
1276 4180 1533 4260 praeclarissimorum
1548 4179 1701 4249 Abbamm,
1719 4177 1768 4257 qui

115 4257 257 4332 Crimine,
283 4258 331 4319 libi
352 4260 387 4317 ab
409 4263 527 4322 Arianis
551 4261 684 4340 imposito.
706 4267 742 4332 od
764 4264 839 4341 quod
862 4267 925 4321 etim
969 4266 995 4326 in
1011 4264 1067 4341 istis
1082 4260 1216 4341 persecuti
1230 4261 1392 4323 Civitatibus
1408 4260 1444 4319 ad
1454 4262 1533 4319 aliar.
1542 4259 1637 4339 fugere
1647 4279 1702 4320 non
1711 4258 1767 4318 dur

115 4342 347 4399 metaturae
369 4340 494 4400 Mortem
513 4343 624 4420 sugerit,
642 4344 668 4400 dr
689 4341 715 4400 se
734 4341 785 4400 illis
803 4340 877 4401 ultro
899 4341 926 4401 in
968 4344 1087 4404 bitarunt
1104 4340 1599 4417 VidestaOfficiaPropriaSanalorurr
1608 4337 1767 4408 Hibernia,

113 4401 304 4480 naimonem
328 4438 383 4477 non
405 4416 542 4479 obtulerit.
583 4420 621 4479 lbi
648 4428 730 4504 porro
751 4421 869 4480 ostendit
891 4441 928 4479 ex
969 4419 1592 4502 impressauubtrnrj1751,Pag.93‚a127.

107 4493 281 4577 scriptoria,
304 4518 411 4569 eorum,
435 4498 484 4579 qui
502 4501 661 4578 quaeruntur
684 4500 720 4558 ad
735 4498 925 4567 Nocenti-
1014 4502 1058 4578 (a)
1073 4501 1142 4580 Cap.
1158 4500 1210 4559 xiii.
1225 4497 1394 4578 Numlxxi.
1632 4553 1636 4560 ,
1698 4497 1704 4504 ’

111 4593 252 4720 m
263 4578 459 4657 improbatam,
482 4578 526 4637 std
537 4579 637 4639 licitam
647 4578 710 4649 else,
731 4594 764 4638 ut
774 4578 924 4639 multorum
1010 4581 1054 4660 (b)
1075 4580 1163 4643 Num.
1174 4581 1230 4645 xvi
1241 4579 1324 4662 hujus
1335 4579 1452 4662 capitio,
1465 4579 1531 4658 Peg.
1550 4589 1614 4656 121,

254 4681 286 4720 m
309 4657 416 4721 raama
429 4659 577 4741 Exemplo,
598 4659 772 4744 murrinum,
787 4656 890 4740 Jacob,
906 4667 924 4721 t
