4017 5217
523 72 677 208 Capiat
698 77 918 174 Primum
944 72 1307 187 Praearnbultern.
1712 113 1741 204 7

139 268 211 331 enim
228 267 404 330 Gabinianus
415 267 468 350 (y)
491 266 544 328 aitr
581 273 605 306 “
626 269 772 331 Hibernia
784 266 1037 331 Sansliffimotum
1055 264 1357 347 Douittmorumque
1369 261 1418 326 est
1440 263 1606 331 Officina.”
1650 269 1689 333 Et
1702 274 1776 336 Ma.

139 358 324 434 rienas(:).·
350 360 373 391 “
390 353 657 431 PlurimisSnnbiis‚
675 356 704 416 aa
722 355 980 419 innumerabilibus
1009 354 1085 415 Viris
1110 353 1255 414 Hibernia
1282 351 1534 433 plena-nabetur
1557 357 1635 420 Item
1660 361 1775 434 Suriae,

140 441 328 506 &Mesenae
341 444 415 522 (a):
441 447 462 478 “
487 441 645 504 Stellarum
659 446 752 525 propb
779 448 950 508 Numerum
966 441 1142 504 Saniiorum
1163 438 1333 516 Patrocinijs
1349 440 1493 502 Hibernia
1505 444 1635 522 aeqttat.'’
1680 444 1776 508 Dani.

139 551 191 613 que
214 530 245 590 S.
262 530 433 591 Bernartius
455 531 508 609 (b)
533 529 674 594 melliflue
687 529 778 593 dicit:
818 537 842 570 “
868 534 969 592 Locos
999 529 1067 592 verb
1090 527 1216 590 Sandius
1231 524 1437 610 facundusque
1463 529 1653 608 Sanitorum,
1673 535 1775 615 copio-

142 623 162 653 ·‘
181 615 288 680 affine
302 615 485 677 fruetificans
497 619 565 679 Deo
577 665 602 678 ..
617 663 624 678 .
639 665 645 680 .
660 637 717 679 nec
730 619 760 679 in
786 616 936 702 praelatas,
957 615 1003 679 sed
1020 617 1046 677 in
1072 614 1282 677 caterasetiam
1297 614 1456 690 Nationes,
1478 615 1556 699 quast
1579 619 1773 681 inundatione

5 765 6 774 ,
139 707 160 741 “
181 701 273 776 salli,
303 701 392 765 illase
420 693 717 780 SANCTORU
729 705 768 767 M
806 702 1062 770 EXAMINA
1085 701 1286 780 effuderunt(
1298 702 1325 778 ).
1342 701 1360 726 ”
1407 705 1558 784 Atqueob
1573 706 1694 767 beatum
1714 706 1774 769 Soli

5 833 6 850 .
136 789 304 873 Ingenium,
323 790 801 876 ,uto-Ftabernns(d)toquirur‚
834 796 863 853 in
878 790 1062 876 quonullum
1078 789 1163 876 uitale
1185 789 1226 849 eli
1250 783 1425 848 venenosum
1439 789 1573 868 Animal,
1594 787 1775 868 meroingut

5 859 6 890 ¹
137 878 234 939 multis
250 879 318 941 ante
334 874 608 940 medantinum
626 879 749 941 secatis
774 881 864 943 Sacra
885 877 983 964 Insula
1008 881 1025 940 a
1048 875 1168 938 Graecis
1184 876 1395 948 nominaretur,
1431 873 1574 958 fignanrer
1596 878 1632 942 ab
1659 881 1773 964 Orpheo

5 963 7 980 '
135 951 386 1041 Gramrianae),
409 964 458 1048 qui
480 962 577 1026 floruit
600 972 692 1027 Anno
716 965 824 1029 Mundi
850 986 956 1052 33903
988 963 1138 1051 Aristotele
1165 962 1242 1049 (f),
1266 967 1358 1023 Anno
1384 962 1488 1024 Mundi
1513 966 1621 1049 36203
1649 957 1774 1053 &Rufa

136 1052 206 1139 Festa
219 1050 330 1113 Avieno
342 1055 409 1126 (a),
435 1053 525 1113 Anno
541 1051 648 1115 Christi
672 1054 746 1136 285,
770 1054 829 1128 vel,
848 1067 882 1115 ut
907 1053 951 1132 alij
967 1051 1081 1128 volunt,
1108 1051 1184 1131 482,
1205 1049 1255 1132 qui
1271 1049 1396 1110 Librum
1425 1050 1509 1110 suum
1524 1073 1563 1114 ex
1578 1051 1772 1116 vetussiffimis

135 1137 335 1221 (ieograpbi8‚
350 1138 471 1201 Heratio
494 1138 619 1222 Milesia,
640 1142 789 1203 Hellanico
811 1141 918 1227 Lefhia,
931 1140 1042 1203 Philaea
1064 1136 1237 1222 Athenienſs,
1254 1137 1436 1218 Caryartdaea‚
1451 1137 1641 1223 Paustnracba,
1663 1142 1771 1213 Samio,

134 1226 271 1312 Damasia
287 1267 298 1296 ,
322 1223 495 1296 Enbiernane,
514 1226 543 1287 be
559 1226 618 1306 alijs
634 1226 845 1291 consarcinavit.
891 1226 978 1290 Unde}
992 1223 1160 1286 venerabilis
1183 1224 1262 1285 Beda
1285 1223 1321 1284 de
1335 1223 1479 1285 Hibernia
1493 1226 1529 1285 ait
1544 1227 1620 1306 (b).·
1644 1233 1668 1264 “
1690 1226 1770 1286 Nul-

135 1320 157 1348 “
178 1311 243 1373 lum
259 1311 297 1372 tbi
313 1309 434 1392 Reptile
458 1310 544 1375 videri
571 1312 653 1388 solet,
676 1313 773 1377 nullus
788 1315 885 1377 vivere
911 1317 1036 1397 Serpens
1062 1312 1148 1372 valet.
1194 1313 1275 1370 Nam
1291 1309 1372 1394 ‚saepe
1398 1307 1447 1372 itta
1462 1308 1497 1372 de
1510 1311 1669 1375 Britannia
1683 1311 1768 1375 allati

135 1406 157 1437 “
179 1399 352 1480 Serpentes,
375 1417 450 1458 mox
465 1413 507 1474 ut,
532 1403 716 1482 proximante
733 1405 764 1463 T
766 1403 835 1465 erris
856 1403 994 1485 Navigio,
1020 1396 1123 1460 Odore
1139 1391 1224 1460 Aeris
1238 1396 1313 1458 illius
1337 1395 1451 1458 amarti
1476 1396 1594 1472 fuerint,
1615 1399 1769 1467 intereant.

136 1495 157 1525 “
180 1487 261 1564 Quin
291 1484 395 1567 pariis
425 1488 524 1546 omnia
561 1489 647 1570 pene,
685 1510 752 1573 quae
779 1488 816 1550 de
851 1488 956 1551 eadem
1007 1484 1100 1549 Insula
1122 1483 1199 1559 sunt,
1233 1487 1335 1547 contrai
1368 1486 1527 1548 Venenum
1553 1485 1658 1547 valent.
1706 1489 1770 1548 De·

135 1579 157 1611 ‘⁸
175 1575 264 1656 nique
301 1571 442 1646 vidimus,
479 1572 644 1655 quibusdam
672 1581 690 1642 al
717 1575 906 1658 Serpentibus
939 1571 1086 1658 percussis,
1125 1570 1182 1635 rasa
1205 1570 1286 1634 folia
1312 1565 1471 1644 Codicum,
1496 1571 1602 1654 quide
1625 1573 1770 1638 Hibernia

5 1669 6 1710 l
136 1667 157 1699 ⁸⁴
178 1660 315 1733 suerunt,
354 1655 500 1740 &ipsam
537 1661 679 1726 Rasuram
707 1664 802 1744 Aquae
833 1663 1003 1742 immissam,
1046 1681 1080 1721 ac
1113 1661 1204 1722 Potui
1227 1659 1338 1736 datam,
1373 1656 1475 1722 talibus
1500 1657 1632 1741 protintls
1672 1673 1770 1724 totam

131 1752 154 1783 “
176 1748 249 1808 Vim
265 1747 382 1808 Veneni
408 1748 570 1828 grassantis,
593 1765 694 1813 totum
719 1749 812 1812 inflati
837 1747 980 1836 Corporis
1002 1744 1195 1832 absumpbsse,
1219 1766 1253 1808 ae
1269 1743 1373 1808 sedasse
1385 1746 1592 1808 Tumorem.’'
1638 1747 1769 1812 Suchnit

131 1834 242 1917 egregie
264 1833 492 1896 Bartholomaeus
505 1832 638 1917 Anglicus
653 1841 669 1919 ζ
671 1843 699 1911 i)
712 1863 722 1899 .·
735 1843 768 1896 .“
786 1841 827 1914 -ln
850 1839 994 1901 Hibernia
1009 1835 1131 1920 (inquii)
1147 1833 1241 1896 nullus
1255 1830 1295 1896 est
1319 1831 1454 1916 Serpens,
1484 1832 1563 1894 nulla
1577 1835 1671 1909 Rana,
1688 1834 1770 1899 nulla

132 1929 152 1958 “
174 1923 295 1982 Aranca
309 1918 461 1984 venenosa.
509 1921 581 1984 Idea
589 1939 651 1986 tota
663 1927 695 1986 T
698 1939 759 1987 erra
775 1923 848 1987 adeo
862 1926 1007 1988 contraria
1021 1924 1061 1985 'cil
1073 1921 1232 1997 venenosis,
1256 1935 1289 1982 ut
1311 1922 1408 1986 Terra
1421 1917 1486 1983 inde
1501 1918 1606 1995 delata,
1623 1923 1652 1982 ἃ
1668 1917 1767 2002 sparsa,

129 2012 153 2043 “
174 2005 467 2090 Serpentcsperitnit,
484 2009 513 2069 ἃ
527 2007 692 2094 Rusones?
725 2009 869 2092 ⁴Etl'aliitts
882 2011 1057 2100 Angligena,
1074 2009 1182 2093 nempd
1196 2008 1355 2093 Galiesmus
1370 2006 1578 2093 Neubrirerfir,
1600 2007 1640 2070 ita
1658 2006 1695 2067 de
1708 2008 1770 2071 Hi-

128 2095 227 2158 bernia
244 2092 365 2156 testatur
379 2095 423 2155 :''
447 2093 533 2157 Hanc
546 2113 644 2160 autern
659 2097 833 2182 fingularem
846 2120 907 2184 prae
921 2098 1036 2160 canitis
1051 2095 1237 2181 Regionibus
1258 2094 1382 2157 habet-ai
1392 2098 1510 2156 Natura
1526 2094 1768 2177 Praerogativam,

130 2188 153 2216 ‘⁶
174 2182 204 2241 a
224 2184 357 2255 Dotem,
377 2195 410 2242 ut
433 2180 549 2244 nullum
568 2185 665 2268 gignet
678 2202 856 2250 venenatum
883 2184 1014 2261 Animal,
1037 2185 1151 2247 nullum
1167 2180 1281 2265 Reptile
1309 2181 1442 2243 noxium.
1490 2183 1666 2259 Quinimmo
1687 2196 1769 2249 certa

128 2269 150 2306 “
170 2269 289 2352 citaque
307 2268 513 2330 Morscorum
535 2267 608 2332 est.''
654 2272 788 2338 Demtim
809 2276 913 2338 Petrae
936 2268 1332 2358 Apianas,Mathenraticus,
1362 2268 1391 2329 in
1416 2266 1464 2329 sua
1486 2265 1703 2353 Casmagrapbia
1715 2268 1769 2347 (k)

127 2355 184 2415 ait:
225 2356 409 2417 “irlandia
435 2354 475 2415 esl
501 2354 594 2419 Insula
619 2358 775 2438 foecunda,
805 2363 835 2424 br
861 2359 993 2438 salubris,
1016 2358 1216 2442 serpentibus,
1240 2357 1269 2418 aa
1296 2355 1457 2418 venenonis
1468 2351 1632 2436 Reptilibus
1656 2373 1768 2416 carens.

130 2444 279 2524 “Equos
295 2441 399 2515 mittit,
429 2437 551 2506 ferendis
566 2449 702 2510 oneribus
716 2448 910 2532 aprilltnios.”
1020 2473 1025 2484 ¹

167 2527 247 2591 Hcc
260 2528 374 2591 faciunt
393 2527 571 2594 literatiffimi
585 2535 737 2602 Hadriani
755 2535 850 2621 Janr'j
876 2531 1006 2609 Versus,
1018 2532 1124 2615 quibus
1135 2531 1295 2603 Hibernia,
1317 2526 1354 2600 de
1367 2523 1394 2589 se
1408 2526 1545 2611 loquens,
1562 2521 1766 2592 'communem

5 2621 6 2672 i
129 2615 367 2696 armentari),
387 2618 567 2682 Graecorum
581 2617 687 2698 lnsttld,
710 2623 739 2684 in
756 2620 900 2702 ejiciendis
913 2621 1063 2686 reumatis
1079 2618 1286 2705 sympathiam
1299 2615 1442 2682 vendicat.

522 2854 573 2919 Illa
585 2854 656 2940 Ego
667 2856 731 2920 sum
751 2857 856 2942 Graijs
877 2851 1027 2924 Glacialis'
1037 2855 1092 2939 (nl
1106 2860 1250 2924 Hibernia
1263 2856 1355 2935 diua,

522 2945 580 3007 Cui
597 2949 691 3024 Deus,
716 2947 746 3006 aa
760 2944 865 3008 meior
877 2944 992 3009 Rerum
1007 2945 1186 3009 nasccntium
1204 2948 1315 3029 Origo,
1366 2980 1370 2985 ·

521 3035 573 3115 Jus
583 3052 744 3095 commune
753 3031 831 3100 dedit
841 3053 910 3094 curn
922 3033 1011 3096 Creta
1019 3033 1128 3095 Altrice
1137 3030 1290 3096 Tonantis
1296 3032 1356 3112 (n),

520 3121 643 3203 Angues
657 3140 694 3182 ne
709 3118 815 3181 noilris
826 3117 990 3184 diffundant
1010 3119 1098 3183 abila
1114 3120 1145 3182 in
1163 3120 1243 3184 Oris.

169 3336 270 3409 Quos
295 3324 420 3404 Versus,
433 3326 587 3413 Anglieana
613 3322 758 3388 Idiomatd
775 3271 916 3404 moetos,
938 3321 1080 3386 exhibere
1094 3321 1191 3408 placet
1213 3275 1338 3384 itt-Rem
1361 3313 1510 3396 Lestoris,
1527 3310 1652 3398 Angited
1673 3316 1769 3399 periti.

1688 3484 1770 3546 Iam

161 3767 212 3838 (y)
233 3763 265 3821 In
274 3762 344 3821 Vita
364 3762 391 3820 S.
414 3758 555 3839 Florentii.
743 3753 749 3760 ’
1031 3758 1084 3833 (h)
1106 3758 1164 3820 Lib,
1175 3761 1193 3819 i.
1205 3759 1333 3837 Hr'stariae
1345 3757 1506 3834 Anglarurn,
1527 3753 1594 3828 Cap.
1609 3750 1627 3809 i.

159 3849 216 3916 (a)
239 3841 300 3901 Lib.
323 3841 349 3899 ii.
371 3841 409 3897 Pa
429 3887 436 3898 .
460 3857 526 3917 375.
727 3907 732 3912 Ι
905 3883 909 3900 .
1029 3842 1075 3913 (i)
1096 3837 1157 3896 Lib.
1168 3858 1213 3896 xv.
1229 3838 1297 3915 Cap.
1312 3836 1385 3900 lxxx.

158 3925 215 3993 (a)
236 3922 285 3981 Ad
301 3918 386 3978 Diem
408 3859 434 3977 b
457 3917 535 3996 Maij.
958 3957 962 3962 -
1030 3917 1083 3992 (le)
1103 3919 1175 3976 Part.
1190 3918 1253 3976 itin
1271 3915 1445 3974 Exanatione
1464 3910 1620 3987 insularum
1642 3910 1769 3986 Europe,

158 4008 177 4070 (
177 4000 212 4071 b)
234 4000 336 4058 Tradl.
348 3997 382 4055 de
396 3999 462 4055 Vita
474 3996 508 4057 [θ’
517 3996 605 4056 Rebar
611 3999 693 4077 gestis
702 3999 729 4057 S.
741 3997 905 4069 Malaebiae,
990 3999 1055 4074 Pag.
1081 4013 1143 4072 145.
1667 4018 1670 4024 ¹
1816 4041 1822 4050 .

120 4078 330 4157 Arcbiepiseopi
349 4076 533 4147 Arnacbanr',
552 4080 587 4136 de
606 4099 662 4155 quo
677 4078 808 4137 Officium
831 4078 906 4137 cele·
1033 4078 1059 4152 (l
1063 4076 1073 4145 l
1096 4074 1143 4132 Est
1153 4072 1242 4132 Insula
1251 4073 1336 4131 Maris
1350 4069 1555 4130 Mediterranei
1564 4070 1649 4144 prope
1665 4064 1770 4124 Arabi·

121 4159 200 4220 bunt
218 4156 347 4220 Hiberas
368 4154 425 4215 Die
447 4174 474 4229 3,
490 4155 662 4216 ‚Nongmhgis
681 4159 765 4234 jung
784 4158 906 4217 ⁴dicenda
986 4151 1364 4233 „pagumsqwdcw
1373 4149 1499 4207 chime
1510 4148 1603 4226 pass-m
1616 4164 1774 4222 ΜΨ.
1852 4137 1878 4159 ,,
2001 4113 2003 4142 i

120 4235 208 4297 Num.
230 4257 278 4296 xv,
301 4237 388 4313 hujus
397 4235 509 4312 Capitis.
991 4231 1164 4292 turCandia.

158 4319 209 4388 (e)
231 4316 354 4396 Reliqua
380 4314 508 4373 Melliflui
526 4313 650 4372 Doelotis
671 4315 764 4374 Verba
782 4334 907 4374 eommo-
1033 4313 1083 4389 (nr)
1106 4310 1308 4370 Nonnullorum
1337 4323 1397 4368 erat
1419 4306 1448 4365 Ο
1468 4306 1530 4377 inin,
1554 4303 1674 4363 Insulam
1696 4302 1770 4359 hanc

118 4395 178 4452 <Ha
193 4396 388 4455 exl‘cnbentur
410 4392 499 4452 Num.
513 4393 565 4452 air.
587 4393 703 4468 hujusce
723 4395 765 4452 Ca
785 4395 825 4451 'tis
840 4413 905 4453 curn
992 4391 1155 4451 Hiberniam
1189 4399 1332 4467 propterea
1366 4327 1505 4464 appetiit,
1535 4385 1610 4462 quod
1645 4380 1772 4470 Hyberna

119 4473 400 4534 Tedirnonioeadern
416 4473 505 4530 deRe
521 4472 658 4530 renident
670 4475 750 4553 Papa
764 4414 842 4533 ΞΝ.
872 4527 906 4550 Α
992 4471 1132 4548 Tempore
1182 4471 1271 4549 Aqua
1302 4467 1453 4546 congelatae
1481 4465 1581 4523 diutius
1599 4457 1771 4554 condensata,-

157 4555 212 4628 (d)
234 4557 302 4633 Peg.
327 4572 374 4612 22.
397 4554 524 4631 Ogygia.
991 4551 1152 4630 perdurent,
1172 4549 1218 4608 sed
1241 4547 1313 4608 male
1330 4547 1457 4616 fundata,
1477 4559 1510 4602 ut
1527 4542 1615 4601 Num.
1637 4560 1654 4596 t.
1678 4534 1769 4593 oslen-

156 4639 208 4707 (e)
230 4631 292 4693 Lib.
315 4632 351 4690 de
364 4636 546 4711 Argonautis.
992 4630 1051 4689 sum
1066 4629 1114 4687 est.

156 4714 207 4790 (s)
228 4712 288 4773 [ab.
312 4711 347 4771 de
362 4710 471 4772 Mando
481 4710 520 4769 ad
538 4710 736 4773 Alexandrum.
1034 4709 1078 4784 (n)
1100 4708 1211 4767 Scilicet
1233 4707 1329 4787 Javir,
1348 4711 1436 4787 'cujus
1458 4697 1559 4762 Nerate
1578 4692 1772 4782 Solttnjuxta

156 4797 210 4871 (g)
231 4792 264 4853 ln
279 4795 348 4852 Oris
358 4796 518 4853 maritimis.
954 4827 959 4836 ·
996 4790 1093 4849 Portas
1108 4804 1166 4848 emt
1180 4790 1273 4847 Creta.
