4017 5217
473 11 497 67 Ι

373 492 378 499 ,
470 450 487 497 ‚
609 378 615 385 ·
684 296 1091 499 Praefatio.
1203 522 1213 532 θ
1310 370 1369 429 -·

159 673 249 742 ΑΝΕ
273 672 441 741 lucubranti
465 671 549 739 Milri
564 669 859 759 quantulamcunque
881 666 1134 738 Historiuticulam
1159 671 1211 737 siib
1227 671 1334 739 Titulo
1349 672 1501 744 Hibernia
1515 674 1722 754 Domtn‘tcanae‘,

100 842 103 847 Ι
178 765 369 845 Annonpda
387 760 487 849 Typia
497 760 664 845 vulgatam,
685 773 778 844 atque
792 760 878 845 suprti
891 758 993 846 Spem,
1015 762 1049 824 dc
1070 758 1219 825 Meritum
1234 761 1391 846 benignius
1405 765 1492 848 (absit
1508 764 1612 831 Verbo
1626 760 1723 833 Vinia

102 848 158 932 ta‘s)
174 848 347 935 eiceptam,
371 846 551 933 magnopere
564 845 723 931 displicuit,
743 845 827 931 quod
840 844 952 929 assequi
975 846 1055 910 haud
1078 862 1211 932 poteram
1233 846 1415 935 Illussriffinii
1431 852 1463 917 dr
1478 844 1722 919 Reverendilliitii

100 934 147 1001 D.
161 936 285 1024 Jaaamir
300 934 450 1033 Baptista·
463 935 629 1005 Rinarcirii,
654 931 871 1018 Archiepiscopi
887 934 917 994 dt
941 930 1085 1017 Principia
1111 936 1252 1007 Firmani,
1273 956 1310 998 ac
1331 933 1361 998 iii
1375 937 1432 1000 boe
1446 934 1598 1003 Hibernia
1613 939 1723 1021 Regno

100 1021 212 1106 Nuntij
230 1019 391 1106 Apostolict
406 1017 635 1101 Extraordiiiarij
664 1017 814 1101 Responsa
829 1016 865 1080 ad
888 1015 1072 1082 illustrissimi
1087 1016 1131 1082 D.
1148 1019 1231 1083 illici
1244 1019 1279 1084 de
1292 1022 1404 1103 Burgi,
1418 1022 1613 1088 Marahionia
1634 1023 1722 1089 Glari·

101 1107 281 1177 riclardiae,
293 1108 325 1169 dt
340 1105 468 1189 ejusdem
495 1104 595 1188 Regni
612 1104 747 1187 Proregis
762 1103 915 1188 Deputati·
932 1103 1184 1175 percontationes,
1209 1106 1278 1189 Pag.
1294 1110 1358 1188 679
1381 1110 1586 1193 transcriptam
1609 1131 1725 1175 necnon

100 1193 214 1257 laudati
239 1191 348 1275 Nuntij
375 1191 588 1254 Desensronem
614 1192 716 1253 contri
739 1189 848 1275 Capita
873 1189 1134 1253 Accusaiionuma
1156 1188 1292 1274 Suprema
1305 1190 1569 1277 Corffaederatorum
1592 1198 1725 1261 carboli·-
1789 1229 1799 1245 -

98 1302 201 1344 aarum
217 1276 343 1342 Concilio
357 1279 393 1340 ad
420 1274 579 1339 Summum
607 1275 786 1339 Pontificem
810 1274 995 1338 Innocentium
1011 1274 1042 1338 X
1057 1274 1154 1350 milla,
1176 1274 1246 1361 Pag.
1262 1279 1335 1342 682.
1362 1279 1489 1363 &seqq
1515 1280 1544 1343 in
1569 1283 1724 1347 extensum

104 1365 263 1450 ptodttdia,
286 1363 417 1447 alioquin
440 1368 500 1424 tam
517 1361 676 1446 Responsa,
697 1363 789 1444 quim
813 1360 1028 1423 Defensionem
1049 1363 1219 1425 memoratis
1235 1363 1263 1424 in
1283 1363 1372 1437 Locis
1394 1366 1586 1449 proculdubio
1601 1370 1725 1434 subnec-

102 1469 198 1514 terem
214 1467 299 1534 prout
314 1455 383 1510 'vere
397 1447 520 1530 dignum
542 1450 573 1510 dr
585 1446 698 1531 julium
711 1460 787 1520 erat,
810 1468 880 1531 quaa
907 1447 1029 1532 proinde
1044 1448 1121 1513 haud
1143 1447 1520 1515 subnefflllevehementer
1536 1455 1667 1538 pigebat,
1689 1473 1723 1520 ut

104 1536 216 1599 ibidem
230 1534 367 1621 expressa
379 1531 486 1595 Verbis
499 1533 619 1597 cordate
633 1531 789 1597 declaravi.
834 1534 1036 1596 Autumabam
1060 1533 1146 1618 plane
1172 1536 1216 1615 (dr
1228 1534 1347 1618 quidem
1362 1536 1443 1599 recle*
1460 1551 1493 1601 ut
1513 1534 1572 1602 Rei
1587 1543 1724 1621 probavit

103 1622 249 1702 Eventus)
280 1620 439 1684 desiderata
462 1619 511 1695 illa
531 1618 690 1682 Momenta
712 1617 837 1702 reperire
859 1618 916 1681 esse
932 1620 961 1683 iit
985 1623 1155 1701 Legatianis
1179 1620 1261 1683 istius
1289 1619 1457 1688 Hiberaica
1486 1622 1628 1698 Historia,
1649 1650 1720 1711 qua:

104 1709 264 1775 Florentia
288 1706 448 1771 asservatur
474 1706 503 1769 in
521 1704 647 1785 AEdibui
670 1702 852 1770 Illuslrislimi
876 1704 919 1767 D.
937 1704 1122 1768 Marcbionis
1137 1708 1304 1778 Riaaccr'ni,
1326 1709 1358 1767 dt
1384 1711 1540 1793 propterea
1564 1714 1721 1778 candidum

105 1794 209 1879 rogavi
232 1793 405 1862 Lauina,
427 1804 473 1862 ut,
493 1793 587 1853 donec
613 1811 648 1853 ea
673 1791 849 1874 perlegeret,
886 1790 966 1853 suam
987 1790 1072 1873 super
1092 1790 1297 1873 Controversia
1316 1793 1364 1854 illa
1388 1794 1569 1879 suspenderet
1596 1796 1721 1865 Senten-

105 1870 196 1955 tiam,
244 1877 326 1944 Huic
353 1877 465 1964 quippe
490 1874 577 1940 Malo
599 1876 683 1941 aliter
711 1896 780 1940 tunc
805 1874 932 1941 Dictum
960 1877 1072 1950 mederi
1088 1898 1145 1940 nori
1174 1878 1266 1953 valui,
1286 1877 1422 1963 adeoque
1458 1883 1602 1966 patienter
1626 1883 1723 1953 sereti-

103 1970 180 2033 dum
196 1963 263 2028 suit.
563 2032 565 2035 ,
876 2020 881 2029 .
1474 2028 1476 2031 ,
1557 2031 1561 2044 ,

152 2049 294 2116 Veron
325 2048 442 2112 tandem
468 2046 627 2131 aliquandd
649 2047 770 2111 Roaiam
784 2045 969 2132 proficitcaria
998 2048 1085 2112 Anno
1103 2052 1185 2126 1769
1210 2049 1245 2111 ad
1259 2048 1397 2113 visitanda
1413 2050 1492 2115 sacra
1513 2052 1722 2138 llposlolorum
1776 2056 1778 2059 ’

105 2136 243 2211 Limina,
266 2137 297 2198 dt
313 2134 342 2198 iii
366 2134 425 2196 Via
439 2133 590 2196 Etruriam
604 2132 805 2216 pertransiens,
827 2131 885 2196 lter
900 2133 1032 2196 consutio
1051 2134 1088 2196 ad
1109 2134 1295 2216 prelibatum
1315 2135 1424 2198 deflexi
1441 2137 1557 2201 Urbem
1580 2141 1725 2205 Florenti·

106 2240 187 2294 nara,
209 2222 309 2305 ibique
324 2242 394 2303 qua
410 2220 541 2283 ardenter
555 2217 608 2282 diu
620 2218 849 2282 desideraveram
864 2218 948 2302 super
962 2218 1079 2281 Aurum
1094 2220 1126 2281 dc
1142 2219 1289 2304 Lapidem
1312 2221 1472 2305 pretiosum
1494 2227 1635 2298 multum,
1658 2231 1724 2293 fell.

105 2311 187 2373 citur
201 2307 310 2379 inveni,
331 2307 361 2369 iii
375 2306 440 2368 satis
454 2305 551 2389 ampla
575 2303 719 2368 nimitum
734 2306 765 2367 dr
781 2303 908 2384 perbelle
923 2302 1113 2389 Bibliotheca
1122 2308 1344 2380 Rinacciaiaaa,
1367 2306 1554 2371 seledliffimis
1578 2311 1677 2379 Libris
1692 2316 1722 2380 iii

106 2392 190 2457 omni
207 2388 323 2477 proissta
350 2391 468 2454 Artium
482 2413 516 2454 ac
545 2388 745 2454 scientiarum
767 2386 890 2453 Genese
903 2388 1019 2453 resertd.
1064 2388 1107 2453 Ea
1130 2392 1218 2474 porrd
1242 2391 1505 2473 impresentiarum
1520 2405 1654 2462 accurate
1669 2425 1724 2485 pro

108 2481 234 2543 Viribus
250 2478 336 2551 Tibi,
358 2475 471 2541 Lefior
482 2476 608 2559 optime,
629 2476 758 2541 exhibeo
773 2474 802 2538 in
817 2475 973 2558 Opusculo
992 2475 1063 2548 hoc,
1084 2476 1165 2560 quod
1179 2472 1391 2541 lubentissimua
1407 2478 1435 2541 iii
1458 2497 1589 2564 apertam
1604 2487 1724 2565 profero
1825 2492 1832 2513 ⁸

107 2556 249 2636 Lucem,
262 2564 299 2633 eb
311 2560 492 2647 potiffi'int'rm
507 2560 653 2635 Consilib,
675 2576 708 2623 ut
732 2561 804 2625 tanti
822 2558 887 2623 Viri
901 2561 938 2624 de
952 2558 1081 2627 Ecclesia
1096 2561 1253 2650 Catholica
1267 2563 1382 2647 optime
1393 2565 1491 2627 meriti
1509 2565 1661 2645 Defensio,
1672 2574 1724 2638 seii

107 2642 274 2731 Vindiciae',
294 2666 327 2712 ut
342 2649 436 2733 ajunt,
459 2662 538 2725 notae
558 2647 611 2709 fini
625 2646 773 2720 omnibus,
793 2645 965 2731 cunfiisque
990 2646 1101 2731 ubique
1116 2661 1246 2733 pateant,
1267 2650 1313 2713 ad
1328 2650 1419 2715 seram
1434 2650 1524 2735 usque
1539 2651 1569 2718 iii
1590 2655 1676 2722 Urbe
1688 2663 1722 2728 dc

106 2724 196 2805 Orbe
209 2736 408 2801 Posteriutem
425 2732 661 2799 transmittendae.
1001 2764 1006 2773 ·

121 2823 206 2887 -ssEr
236 2820 475 2905 quandoquidem
491 2818 571 2881 varia
593 2820 742 2881 variorum
766 2815 922 2881 Generum
945 2832 1098 2900 utcunque
1125 2817 1342 2901 complebatur
1366 2822 1489 2906 praesare
1515 2843 1582 2888 mea
1598 2826 1723 2911 Opella,

107 2908 220 2974 idcircd
236 2909 312 2971 lianc
327 2906 431 2969 naciua
455 2903 662 2977 Occasionem,
685 2919 773 2985 atque
789 2904 926 2967 Precibus
941 2902 1142 2986 interpellatus
1157 2904 1350 2977 Amicorum,
1367 2909 1475 2990 quibua
1489 2924 1521 2971 ut
1534 2911 1629 2974 Aures
1644 2936 1726 2994 prae.

106 2999 210 3060 berem
224 2992 315 3055 Ratio
323 2992 452 3055 Morum
477 2988 632 3055 neceffaria
648 2989 823 3074 pullulabat,
846 3010 903 3063 non
919 2990 1014 3052 solum
1030 3009 1065 3050 ea
1079 3010 1148 3071 quae
1160 2990 1195 3052 ad
1215 2990 1300 3054 Libri
1319 2992 1586 3077 Compleinentum
1599 2998 1721 3064 deficie-

107 3084 192 3154 bam,
214 3079 259 3141 sed
275 3079 365 3141 etiam
377 3077 470 3140 multa
482 3073 552 3150 alia,
571 3097 643 3159 quae
654 3076 765 3148 Roma,
786 3072 957 3160 Ulyfflpoae,
975 3074 1115 3159 Lavaaij,
1136 3076 1167 3138 dt
1178 3073 1248 3139 alibi
1264 3075 1424 3150 Gentium,
1440 3079 1522 3142 Mihi
1535 3080 1723 3166 indaganter,

104 3171 140 3231 dr
152 3166 290 3229 omnibus
306 3162 459 3249 Vestigija‚
476 3162 658 3245 juxtavetus
672 3160 877 3232 Proverbium,
898 3161 1080 3243 perquirenti
1101 3177 1292 3226 occurrerunt
1312 3164 1531 3251 Additamenta,
1552 3188 1622 3233 cuni
1636 3192 1720 3235 acer-

103 3253 181 3333 qatis
209 3248 363 3314 eidemin
386 3246 544 3312 Historiola
570 3246 672 3310 Rebus
687 3244 873 3309 Affiliitatem
889 3245 1026 3309 babentia
1041 3249 1072 3308 dt
1090 3245 1338 3321 Conneaioneiri,
1352 3248 1551 3335 intrabilentij
1572 3251 1722 3338 Siparium

102 3338 183 3402 haud
209 3338 373 3419 relinquere
402 3333 500 3407 statui,
523 3332 585 3397 sed.
602 3333 707 3396 eidem
729 3332 835 3417 Opera
867 3330 1082 3414 sartaginarias,
1103 3342 1137 3396 ut
1164 3330 1205 3394 itai
1230 3332 1346 3416 loquar,
1381 3334 1552 3420 multiplicis
1576 3340 1718 3408 Materiei

102 3423 234 3489 Schedas
262 3421 376 3485 summi>
401 3421 463 3505 qud
494 3418 577 3504 potui
607 3418 713 3481 Studid
737 3419 769 3480 dc
790 3414 958 3502 Diligentiai
989 3417 1019 3481 in
1047 3418 1105 3480 hoc
1136 3414 1334 3505 Suppleraeata
1364 3434 1535 3503 congerere,
1566 3428 1720 3512 congellos

103 3512 268 3594 disponere,
292 3510 323 3569 dt
348 3504 495 3587 dispositas
518 3502 547 3583 in
573 3504 725 3588 perspicuo
740 3502 856 3567 Ordine
878 3502 1035 3573 collocare·
1051 3502 1232 3575 adlaboravi,
1261 3500 1371 3568 servati
1401 3505 1481 3570 Seria
1505 3504 1719 3590 Cupitum&

102 3596 286 3678 Paginarum
304 3593 335 3657 iii
359 3592 453 3679 prima
469 3590 579 3676 Opella
597 3591 664 3675 (Α),
686 3604 718 3653 ut
734 3587 773 3656 sic
787 3589 879 3654 etiam
901 3588 1026 3657 eandem
1040 3608 1137 3652 meam
1152 3587 1292 3677 Spartam
1306 3591 1511 3687 quadantenus
1534 3595 1719 3682 edomitam,

101 3685 136 3747 dt
151 3682 220 3746 locu
243 3681 390 3743 laterem..
437 3738 444 3741 ,
585 3736 597 3745 ,
684 3738 689 3743 .
895 3738 900 3743 ,
1129 3732 1137 3739 .
1703 3709 1709 3717 ·

150 3702 355 3836 Suriarsr,
377 3776 411 3826 ut
422 3784 492 3848 quae
510 3762 605 3846 scripsi
619 3761 681 3842 (seu
695 3758 797 3846 putide
813 3782 885 3846 quae
897 3760 1046 3845 exscripsi)
1062 3757 1262 3827 sacrosantae
1271 3762 1409 3829 Romana
1422 3763 1577 3840 Ecclesia,
1598 3756 1718 3838 univer·

101 3854 200 3918 sarum
213 3850 305 3915 Orbia
320 3849 524 3913 Ecclesiarurn.
530 3848 649 3921 Matris,
663 3850 694 3915 tr
711 3846 878 3931 Magistra,
890 3845 1064 3930 Sitinmique
1077 3846 1242 3922 Pontificio,
1251 3849 1413 3913 Librorum
1424 3852 1559 3915 amnium
1568 3853 1717 3939 Supremi,

103 3944 136 4003 dr
155 3936 315 4085 insallppilpa
336 3934 450 4023 Judicia
475 3932 628 4012 Eaamini,
651 3936 681 3997 dr
709 3933 908 4009 Correbliorii,
932 3933 1067 4009 Suara,
1089 3946 1123 3996 ut
1145 3955 1199 4024 par
1218 3933 1274 4011 est,
1295 3934 1603 4004 AnimiDemillione
1627 3941 1719 4029 subj'n

102 4045 190 4090 eiam.
267 4040 321 4088 ae.
574 4072 581 4076 .
605 4060 613 4097 ,·
1078 4051 1088 4061 κ

105 4166 1707 4211 Μ

101 4256 286 4402 qulcllllalc
294 4263 336 4399 pe
361 4256 451 4417 egga
465 4253 631 4322 llulliiffuni
644 4255 682 4320 D.
696 4252 795 4338 uuirt,
810 4253 965 4329 Delerifio,
986 4258 1091 4351 tiarati
1106 4259 1267 4339 potiss'iriium
1277 4256 1394 4336 interita,
1414 4282 1469 4359 nou
1481 4226 1576 4345 incipit
1587 4267 1720 4353 usquead

156 4360 193 4401 m.
277 4384 283 4396 .
320 4360 363 4420 ag.
435 4380 443 4400 .
898 4376 902 4383 -
1466 4376 1472 4385 ·
