4017 5217
687 83 1059 257 Supplemantum.
1120 100 1127 111 ⁴
1164 110 1186 201 J

644 328 717 405 Qus
738 326 846 381 auriens
866 317 1088 403 dixit'Haereeler
1110 338 1145 381 ex
1164 324 1233 405 Affe.

683 406 827 462 Cantemus
839 402 946 459 &iuno
954 402 1044 475 plures
1060 401 1197 461 erudibit.

580 484 671 562 Cujus
679 480 761 539 Pedes
771 483 864 538 Pacem
877 474 1104 559 evangeliaantie
1117 482 1303 561 mirdspecr‘ost
1367 485 1370 491 '
1417 526 1422 533 .

647 565 760 637 Gregem
772 565 915 633 irrequieta
928 557 1028 617 Labore
1038 563 1245 636 circumierunt,

666 643 754 713 Atque
768 637 888 709 uitiorum
897 632 994 695 Terra
1004 638 1216 714 perlustravere.

530 717 575 775 Ilei
587 715 711 787 Ecclefiae
726 716 844 775 omnibus
855 716 986 791 Episcopus
997 717 1089 772 Forum
1100 715 1241 776 Virtutum
1256 717 1357 791 fadar,
1375 724 1379 731 '

586 792 777 871 solidumque
797 808 934 869 acceperat
949 793 1159 875 superlucratus,
1172 796 1297 865 Valente,

602 874 650 947 ‚In
662 872 799 932 Gaudium
811 875 929 937 Domini,
952 887 984 930 ut
993 872 1059 948 sper
1071 874 1119 950 est,
1140 880 1277 944 intravit,

592 950 595 952 ’
621 947 716 1011 Idibus
732 950 887 1009 Decembris
899 954 975 1008 Anno
988 950 1092 1008 Salutis
1105 951 1141 1007 M
1142 952 1259 1024 DCLIII,

722 1033 829 1089 AEtatis
845 1031 908 1086 LXI
920 1028 1034 1086 nendum
1046 1030 1159 1104 expleri.
1308 1090 1312 1099 .

568 1105 678 1166 Vbertas
688 1107 865 1174 Rinuccintcs‚
885 1106 995 1166 Camilli
1012 1112 1150 1166 u'euatarr's
1162 1108 1248 1169 Filius
1257 1111 1315 1187 (r),

678 1200 681 1203 '
799 1189 827 1244 S.
844 1186 976 1261 Stephani
986 1186 1081 1262 eqres,
1196 1216 1199 1222 ·

565 1266 604 1324 Ac
613 1263 788 1341 Serenifflrtae
802 1265 830 1321 V
827 1265 942 1331 idariae,
959 1266 1072 1343 Magne
1087 1266 1171 1342 Ducis
1185 1266 1317 1333 Etruriae,

774 1342 913 1401 Cubicula
932 1346 1090 1422 Praesetiar,
1209 1360 1214 1363 “

647 1421 740 1479 Fratri
747 1429 843 1496 optimi
854 1430 945 1480 merita
958 1421 1129 1498 mestiffimue
1136 1421 1234 1498 posuit.

178 1587 329 1653 CXVIII.
339 1587 415 1652 Pro
436 1582 586 1648 Coronide
598 1584 686 1648 totius
697 1586 813 1659 Rei,de
827 1586 869 1649 D.
886 1584 1003 1650 Nuntio
1014 1589 1171 1651 Rinuceina.
1185 1586 1299 1660 relate,
1312 1585 1408 1668 placet
1424 1582 1474 1649 hie
1491 1583 1568 1649 Loci
1584 1585 1754 1651 subncslere
1805 1563 1814 1569 ³

133 1674 288 1750 Libellum
304 1671 474 1757 Supplicem
498 1671 746 1754 Congregationis
770 1672 982 1735 Ecclesiasticae
1007 1672 1158 1754 utriusque
1189 1670 1271 1733 Cleri
1293 1671 1462 1745 Hibernici,
1495 1672 1584 1735 Anno
1602 1675 1697 1753 1646,
1719 1669 1776 1731 ad*

133 1761 296 1825 Summum
315 1756 491 1823 Pontificem
502 1757 691 1820 Innocentium
707 1757 751 1829 X,
773 1778 827 1837 pro
843 1755 1049 1839 Assumptione
1061 1756 1169 1820 laudati
1182 1756 1293 1837 Nuntij
1311 1758 1347 1821 ad
1362 1756 1551 1845 Dignitatem
1567 1752 1756 1824 Cardinaliti·

131 1869 194 1945 ant.
239 1848 287 1911 Ex
297 1843 423 1909 Arelica
431 1839 461 1905 S.
477 1840 581 1927 lstdori
593 1846 629 1906 de
639 1846 732 1917 Urbe,
757 1844 895 1909 Armarro
910 1842 944 1909 V.
957 1842 1047 1910 Num,
1059 1842 1209 1907 Villrol.
1220 1846 1294 1927 496.

212 2032 233 2060 “
255 2004 476 2081 Banrtssrtsr.
499 2020 629 2084 Parere,

123 2158 134 2173 ,1
171 2124 195 2162 ‘¹
219 2122 416 2180 Hieram
430 2117 553 2179 Ecclelia
577 2116 781 2178 aet-Sanctitate
794 2119 896 2179 Vestrae
914 2118 998 2179 Pedes
1012 2120 1171 2197 provoluta,
1193 2116 1279 2178 auditi
1303 2119 1481 2178 uehementer
1498 2130 1619 2198 exoptat.
1661 2114 1760 2193 Nuper
1882 2176 1887 2180 ,

130 2208 153 2241 ‘⁴
175 2201 234 2265 illa,
254 2198 460 2261 Haereticorum
475 2197 583 2257 Cruore
608 2194 728 2261 madida,
750 2197 934 2274 Victorijsque
950 2197 1027 2263 felix,
1047 2195 1163 2255 calcatis
1187 2199 1374 2273 undequaque
1388 2194 1533 2263 Hostibus,
1554 2194 1756 2271 triumphabat.

129 2289 152 2321 ‘⁴
174 2280 228 2340 Sed
243 2283 311 2337 ecee
321 2280 357 2336 de
368 2289 481 2352 repente
494 2276 550 2335 Pax
561 2274 655 2351 impia,
676 2274 789 2352 ipsdque
804 2274 1081 2341 Belldcalamitolior,
1103 2273 1189 2333 inseib
1203 2274 1296 2339 Clerb,
1310 2272 1434 2352 Dublinij
1449 2274 1579 2336 conclusa
1592 2277 1640 2336 cll,
1662 2270 1757 2348 ibique

130 2371 153 2401 “
177 2355 299 2416 maximi
319 2351 496 2413 solemnitate
526 2353 686 2412 roclatuata.
727 2352 809 2429 Cepit
828 2372 923 2412 omnes
943 2350 1038 2425 ingens
1052 2352 1101 2412 Rei
1118 2350 1271 2411 Admiratio
1284 2355 1349 2411 dum
1364 2352 1465 2411 Prorex
1479 2353 1613 2429 Populum
1629 2349 1756 2408 Catholi-

127 2446 152 2475 ‘·
175 2455 255 2504 cum,
276 2439 301 2490 δι
313 2432 415 2489 bonttm
426 2434 461 2489 ad
472 2373 602 2490 iniirmem
617 2434 688 2490 hanc
700 2431 800 2491 Pacem
814 2435 1015 2507 acceptandam
1037 2430 1162 2508 impellit.
1183 2429 1261 2508 Quid
1277 2428 1400 2505 Remedij
1416 2429 1442 2488 in
1458 2446 1535 2491 tanta
1548 2432 1651 2489 Rerum
1667 2426 1756 2486 Delo·

129 2524 153 2552 “
177 2511 301 2573 latione?
326 2508 432 2567 Unicus
443 2509 567 2584 prosettd
582 2507 738 2572 Firmanus,
757 2508 842 2586 quise
857 2511 968 2591 firmum
978 2526 1028 2585 pro
1038 2508 1130 2567 Domo
1144 2507 1198 2565 Dei
1213 2507 1329 2567 Murum
1341 2507 1479 2599 opposuit,
1502 2509 1611 2576 Pacem,
1631 2503 1754 2581 Religio-

128 2598 151 2632 ⁸‘
174 2614 212 2652 ue
223 2595 248 2648 ἃ
261 2589 354 2646 Gente
366 2586 520 2662 indignam,
541 2585 682 2665 rejiciens:
706 2586 780 2644 Cum
792 2607 836 2654 eo,
857 2602 906 2645 aut
918 2586 1041 2653 vincere,
1050 2602 1099 2647 aut
1112 2585 1194 2653 mori,
1216 2584 1279 2643 lx'olx
1286 2585 1306 2644 is
1320 2587 1448 2646 universas
1460 2590 1602 2646 decretum
1616 2587 1664 2645 etl.
1679 2578 1755 2642 'Vic-

130 2678 153 2711 “
177 2669 263 2741 corias
276 2666 326 2726 sub
341 2678 418 2723 tanto
427 2662 582 2724 Sanslitatis
594 2663 697 2723 Vestra
710 2662 836 2722 Ministro
849 2666 885 2722 ab
900 2663 1030 2722 Hibernis
1041 2681 1132 2741 partas
1143 2663 1264 2723 Annales
1279 2663 1437 2742 propediem
1451 2678 1596 2741 exponent.
1611 2696 1619 2719 t
1637 2662 1754 2719 Prodest

128 2755 152 2789 “
173 2734 296 2810 veritas}
318 2748 342 2800 δι
358 2762 406 2818 pro
420 2740 477 2817 ipso
485 2742 624 2820 loquatur,
645 2762 709 2802 eum
719 2739 819 2798 Virum
833 2742 885 2801 elle
896 2739 1071 2800 Euriditionis
1085 2762 1100 2802 e
1120 2739 1210 2819 regiae,
1232 2740 1404 2801 Elocutionis
1418 2741 1619 2819 pulcherrime,
1634 2740 1755 2798 Pruden-

130 2837 155 2868 ¹⁶
178 2823 386 2899 tiaefingularis.
427 2820 543 2885 Bonum,
585 2819 652 2884 ium,
673 2822 836 2882 humanum,
857 2817 1071 2885 misericordem,
1126 2818 1285 2879 ibetnorum
1298 2818 1440 2885 Ocellum‚
1462 2820 1529 2887 Cor,
1551 2835 1637 2897 atque
1650 2816 1757 2876 Delici-

131 2914 156 2944 “
177 2924 221 2962 aa.
259 2899 291 2958 ln
305 2902 386 2977 cujus
405 2895 539 2957 Veritatis
582 2895 764 2958 estimonium,
784 2886 921 2957 Sanctitas
943 2893 1042 2963 Vestra
1057 2895 1170 2975 dignum
1194 2896 1354 2956 Virtutibus
1366 2897 1442 2956 dabit
1462 2897 1616 2959 Praemium.
1657 2893 1755 2952 Unum

129 2993 154 3022 ‘¹
177 2981 309 3058 superest,
329 2978 403 3053 quod
415 2972 490 3035 flexis
500 2975 626 3035 Genibus
639 2979 674 3033 ad
688 2974 844 3033 sanctitatis
858 2974 957 3036 Vesstae
971 2974 1055 3036 Pedes
1080 2977 1208 3051 prostrati
1222 2975 1392 3035 devotissimis
1410 2975 1541 3035 Precibus
1564 2973 1755 3048 efflagitamus,

128 3072 154 3102 ¹⁴
177 3075 211 3119 ur
226 3057 279 3115 Vir
294 3055 339 3114 bic
353 3052 511 3112 Virtutibus
525 3073 652 3130 magnus.
674 3050 853 3111 Auctoritatis
864 3051 1038 3111 lucrementd
1051 3055 1149 3142 major,
1172 3050 1351 3117 Etuineutior,
1373 3050 1544 3114 Honoratior
1556 3055 1601 3113 liet
1615 3051 1763 3120 universis,-

131 3150 155 3178 ⁸⁴
178 3140 257 3216 quod
266 3131 396 3211 equidem
408 3133 455 3190 fiet
468 3132 486 3190 st
500 3131 633 3193 Sanctitas
641 3129 738 3190 Vestra
751 3128 909 3189 humillimis
922 3129 1019 3190 nollris
1029 3129 1109 3190 Votrs
1118 3133 1274 3193 annuendo,
1285 3129 1446 3190 Firntanum
1459 3130 1627 3195 Antistitem,
1640 3133 1663 3187 dr
1678 3128 1755 3187 Prin·

131 3226 155 3261 ⁴⁸
179 3215 272 3293 cipem
284 3211 312 3271 iu
326 3207 603 3269 Eminentiffimotum
613 3207 804 3268 Cardinalium
819 3208 927 3269 Catum
941 3206 1084 3266 adsciscat.
1124 3204 1154 3267 ld
1166 3214 1245 3271 certe
1264 3224 1402 3268 merentur
1428 3209 1461 3280 (st
1475 3208 1584 3285 judicio
1597 3210 1687 3268 nostro
1699 3205 1756 3266 Lo·

131 3304 155 3334 “
179 3312 233 3353 cus
258 3290 303 3362 lit)
328 3286 389 3346 Viri
401 3286 499 3364 optimi
511 3286 617 3352 Virtus,
640 3286 756 3363 Religio,
774 3286 877 3357 Pietas,
899 3285 1007 3350 Zelus;
1030 3285 1148 3363 poscunt
1172 3282 1478 3365 Ingenium,‚Scientia,
1501 3288 1603 3347 Rerum
1624 3283 1707 3351 Usus,
1729 3290 1756 3345 dr

132 3383 158 3411 “
182 3367 315 3432 Notitia;
337 3363 468 3442 suspirant
493 3363 633 3428 Hibernia
654 3362 739 3425 Vota,
760 3360 916 3442 Lacrymae,
937 3362 1084 3423 Desideria.
1125 3361 1159 3420 Et
1174 3364 1191 3423 fi
1212 3363 1334 3441 unquam
1349 3361 1539 3425 Hibernorum
1554 3364 1685 3432 Labores,
1704 3362 1756 3425 Su-

131 3460 156 3493 “
179 3453 272 3510 dotes,
293 3443 505 3506 Persecutiones,
540 3440 678 3501 chrilliani
708 3442 820 3501 Cruoris
847 3438 970 3500 Prosulio
990 3462 1040 3518 pro
1066 3440 1207 3500 catholica
1232 3442 1375 3520 Religione
1397 3444 1507 3509 tuenda,
1531 3446 1756 3522 &propagandm

135 3538 159 3567 ‘⁴
184 3523 318 3584 Gratiam
331 3521 492 3598 aliquam'in
504 3519 603 3578 Oculis
617 3518 769 3578 Sanditatis
780 3520 883 3581 Vestra
892 3520 1041 3596 impetrare
1051 3518 1213 3584 meruerint,
1226 3539 1274 3596 pro
1288 3518 1401 3583 Praemio
1416 3521 1572 3581 Antillitem
1584 3521 1606 3579 F
1609 3521 1756 3585 lemanum,

132 3615 157 3643 “
181 3610 251 3662 vere
262 3603 394 3664 nostrum,
414 3594 569 3657 sanctitatis
580 3597 682 3657 Vestrae
693 3596 715 3654 F
717 3617 800 3657 auore
815 3597 998 3657 Cardinalitid
1008 3595 1155 3677 Dignitate
1168 3597 1305 3677 fulgidum
1321 3600 1410 3677 (quod
1425 3594 1442 3654 ἓ
1455 3601 1549 3657 multis
1563 3604 1636 3659 retrd
1648 3597 1761 3659 Saeculls

135 3695 160 3721 ⁸⁸
187 3680 217 3758 iq
232 3683 285 3741 hac
297 3679 387 3736 nostra
398 3675 555 3735 Sanctorum
570 3674 660 3734 Insula
672 3695 726 3732 nou
738 3674 870 3748 vidimus)
887 3674 1025 3734 Hibernia
1039 3691 1098 3733 tota
1112 3675 1242 3733 hilaris&
1257 3677 1377 3735 animata
1394 3676 1465 3733 intra
1476 3676 1510 3737 Se
1525 3676 1681 3755 conspicias.
1705 3678 1757 3734 Pru

134 3770 162 3815 ο·
184 3780 243 3838 quo
257 3753 394 3818 mittimus
408 3756 456 3814 has
471 3755 568 3814 Preces
579 3756 616 3812 ad
627 3752 781 3813 sanctitatis
801 3752 905 3814 Vellrae
919 3754 1010 3813 Pedes.
1049 3752 1156 3813 Datum
1172 3753 1366 3814 Watersordiae
1380 3752 1434 3814 Die
1448 3755 1483 3813 28
1497 3755 1617 3835 Augusti
1634 3752 1717 3828 1646.

297 3894 321 3961 .‘=‘
343 3885 501 3948 Humillimi
516 3892 541 3953 dr
558 3884 784 3965 obsequentissimi
799 3848 861 3965 Filij
876 3889 911 3947 ad
931 3883 1086 3947 Sanslitatis
1104 3886 1209 3981 Vestrae
1224 3888 1307 3949 Pedes
1317 3888 1454 3979 profunde
1464 3886 1597 3953 inclinati.

1027 4011 1055 4058 .“
1075 4006 1118 4061 De
1129 4002 1261 4071 Mandata
1276 4008 1417 4083 utriusque
1430 4006 1514 4069 Cleri,

777 4121 799 4151 “
820 4113 945 4173 Nicolaur
959 4115 1094 4192 Fernerrfir
1106 4115 1255 4193 Episcopus,
1277 4120 1496 4203 Cengregatiouir
1504 4121 1717 4185 cancellariae·

185 4267 306 4339 CXIX.
325 4265 416 4331 l’ao.
430 4269 507 4347 694,
529 4266 562 4327 &r
577 4266 657 4348 seqq.
673 4260 757 4341 Quia
780 4260 813 4325 fit
832 4260 936 4323 Sermo
949 4258 1070 4325 diffusus
1085 4262 1180 4347 plane,
1202 4286 1257 4329 nec
1271 4264 1370 4331 minus
1384 4264 1565 4330 honorabilis
1578 4268 1638 4333 illis
1653 4270 1681 4335 in
1698 4272 1755 4335 Pa-

136 4357 223 4445 ginis
234 4358 271 4419 de
286 4353 443 4417 Theobaldo
458 4350 644 4414 Vicecomite
657 4345 775 4432 iaaffe,
784 4347 973 4431 poslmodttm
986 4346 1104 4412 Comite
1119 4347 1366 4435 Carsiugsordiae‚
1380 4372 1437 4415 non
1448 4354 1498 4415 abs
1512 4353 1561 4416 Re
1571 4356 1625 4419 erit
1638 4358 1666 4420 in
1684 4359 1756 4422 Me-

136 4442 273 4509 moriam
287 4461 422 4503 revocare
434 4459 504 4520 quae
520 4437 662 4498 habentur
677 4435 749 4514 Pag.
766 4432 922 4516 310.Lit.
936 4453 980 4505 m,
993 4453 1064 4496 cum
1076 4434 1284 4499 Additamento
1299 4437 1515 4519 opportuno,iu
1528 4442 1755 4509 huncMorlum.

185 4528 320 4593 Ponto
341 4523 446 4611 lsmaia
461 4519 581 4611 Teuffe,
602 4518 719 4605 Equitio
732 4520 870 4607 Joannis,
893 4517 1122 4667 prigiDomini
1137 4519 1331 4615 vicecomitis
1341 4520 1448 4609 Vaoffe
1459 4526 1495 4588 de
1508 4530 1637 4602 Correo,
1652 4532 1682 4593 dc
1695 4530 1754 4593 Ba-

989 4624 1007 4670 2
1309 4678 1315 4685 .
1676 4610 1754 4691 unit

128 4723 1743 4765 ..a-Q-.

180 4787 230 4862 (r)
254 4786 338 4846 Tunc
350 4785 498 4864 Temporis
508 4788 610 4863 inclyta
625 4785 788 4845 &senatoria
801 4785 846 4845 ista
866 4784 926 4843 Do·
953 4780 960 4785 ⁰
973 4788 1106 4869 insignita.

134 4888 205 4931 ntus
216 4866 415 4928 Riuurcr'm'uaa
427 4872 548 4926 trundum
567 4880 626 4928 erat
638 4864 806 4927 Maecbicnir
822 4862 922 4926 Titulo
