4017 5217
719 66 873 200 Caput
912 67 1186 172 Secundum.
1315 125 1319 130 ·
1681 88 1745 185 41

152 252 475 340 Perscrutntoremiz),
505 256 621 328 nullum
644 277 704 320 uon
719 259 840 324 novisse
855 256 1010 345 Lapidem,
1033 278 1066 324 ut
1081 283 1133 343 per
1150 260 1272 324 Amicos
1287 255 1352 322 suos
1365 259 1392 321 in
1410 255 1547 321 Universa
1565 248 1710 330 Hibernia,
1735 270 1787 320 aut

151 339 320 427 Originales
348 347 474 420 Literas,
507 359 559 407 aut
585 366 686 408 earum
714 343 872 429 Exemplar
892 348 1093 434 assequeretur,
1116 370 1154 411 eo
1180 345 1323 421 Confilro,
1346 361 1380 408 ut
1409 342 1672 409 Reverendiffimus
1689 341 1787 408 noller

21 457 22 506 ,
150 429 313 494 Antoninus
325 429 481 504 Bremond,
503 431 559 514 qui
584 446 656 494 tunc
680 433 841 516 Temporis
864 435 1029 498 Baliarium
1045 437 1168 500 Ordinis
1182 434 1405 496 Praedicasurum
1431 429 1529 494 Praelo
1551 430 1681 515 parabat,
1704 425 1786 493 Rem

21 553 22 556 =
147 512 223 578 adeo
237 517 412 599 praeclaram
427 518 642 602 proffiberniae
657 517 855 582 Dominicunae
871 519 989 598 Gloria,
1014 523 1042 584 a
1065 523 1200 593 Honore,
1223 519 1366 604 alicubiin
1382 520 1471 580 Notis
1487 517 1554 592 suis,
1577 533 1626 578 aut
1644 515 1782 580 Dillcrta·

21 615 22 618 ’
148 601 289 680 munus,
303 618 494 667 memoraret.
540 601 597 666 Sed
609 601 724 678 fruere,
746 605 939 689 nihilquippe,
962 605 1009 670 leti
1031 606 1295 689 autbographarum
1314 606 1490 687 Literarum,
1511 602 1558 674 seri
1576 603 1783 686 cujuscumque

150 688 314 752 earundem
345 688 544 772 Exemplaris‚
568 706 826 775 quantumcunque
852 690 999 770 informis,
1022 693 1052 758 bt
1076 691 1251 775 impersesii,
1282 692 1406 771 reperire
1432 704 1504 765 eret,
1529 706 1562 751 ut
1576 708 1681 752 omnes
1710 688 1783 751 illius

145 772 384 860 Corresponiales
398 797 460 839 uuo
477 778 540 838 Ore
554 776 746 852 affinnabant,
768 778 977 842 concludentes
997 778 1077 855 indi,
1098 797 1132 841 ut
1147 778 1270 862 ingenue
1292 778 1469 852 fatebantur,
1495 776 1570 838 aliud
1581 775 1647 859 ipsis
1661 795 1720 837 non
1734 780 1780 840 vi·

144 858 312 946 nlmiquam
324 884 431 946 purum
441 878 603 950 putumque
618 868 842 928 commentum.
887 864 947 949 lpse
962 868 1063 943 etiam,
1088 867 1137 949 qui
1161 865 1275 947 nuperis
1301 861 1374 924 hisce
1396 862 1502 937 Annis,
1526 862 1590 945 poli
1620 882 1722 931 meum
1745 863 1781 926 ab

144 942 233 1010 Urbe
246 946 387 1011 Reditum
412 950 440 1011 in
466 948 581 1032 fingulis
604 947 779 1031 ungularum
802 950 942 1035 Quamne
965 954 1121 1017 Hibernia
1134 949 1301 1013 Nationum
1317 948 1512 1013 comitatibus
1533 951 1576 1029 (a)
1589 947 1643 1023 mi,
1665 947 1783 1015 nullum

145 1035 269 1118 pronun
285 1036 452 1098 Literarum
469 1035 597 1116 iliarum,
621 1038 679 1099 aiS.
694 1037 844 1099 Dominico
858 1037 892 1099 ad
906 1037 1065 1122 Principem
1082 1039 1298 1102 o-Donmuun
1312 1034 1456 1109 datarum,
1478 1032 1635 1118 Vestigium
1651 1036 1780 1099 iuvenire

143 1122 241 1203 potui.
274 1122 452 1199 Quinimmo
464 1121 541 1185 haud
553 1120 642 1184 l'eruel
658 1121 776 1185 audivii
789 1122 975 1187 Nubililirmo
990 1124 1154 1209 nuperrime*
1169 1121 1313 1186 desuniio
1327 1121 1474 1184 Arbenriae
1491 1119 1615 1198 Baroue‘,
1626 1123 1670 1186 D.
1682 1124 1778 1185 Fran-

142 1203 882 1376 [Η

142 1375 238 1456 serre,
276 1318 528 1462 piidmmmum
557 1340 683 1464 ipsoruni
706 1315 1096 1463 Pnigeiiroriiriier'ierrim
1129 1343 1167 1445 de
1198 1318 1417 1462 rdriniinginnn,
1451 1380 1579 1461 primum
1626 1316 1778 1443 Baioncm

140 1462 374 1552 Arhenriensem,
390 1462 506 1530 Lirenas
521 1466 655 1548 recepisse
674 1465 889 1532 asanmffimo
903 1469 1068 1533 Patriarcha
1091 1472 1251 1543 Dominio,
1272 1486 1394 1550 quarum
1426 1466 1540 1528 lntuitu
1561 1462 1649 1547 ipsius
1673 1461 1775 1540 Filius,

143 1549 315 1629 &llzrem
334 1552 411 1615 Milo
422 1555 456 1616 de
470 1554 686 1636 Bermingbam,
712 1550 853 1617 secundus
868 1556 1017 1620 Arbenriae
1029 1558 1116 1634 Baro,
1141 1555 1403 1637 opportunitatem
1425 1552 1500 1632 iuter
1522 1552 1673 1615 Bellorum
1690 1552 1777 1616 Cala·

140 1637 265 1700 mitates
289 1637 407 1714 nasius,
430 1637 609 1702 Canubium
627 1637 813 1725 Arbenriense
834 1643 924 1705 Anno
943 1661 1038 1723 1241,
1071 1639 1223 1725 (Triginta
1248 1639 1360 1703 Tribus
1382 1636 1501 1720 proinde
1525 1639 1617 1700 Annia
1642 1636 1781 1724 Derierfi

140 1725 307 1808 antiquius)
320 1725 461 1799 extruxit,
486 1725 739 1810 sepulchrumque
751 1723 799 1787 fibi
814 1722 919 1812 suisque
931 1729 1018 1813 elegit
1040 1726 1177 1801 Posteris,
1198 1746 1326 1811 quorum
1350 1724 1474 1788 Exuviae
1490 1721 1578 1807 usque
1593 1721 1630 1786 ad
1645 1722 1774 1786 Praesens

138 1810 170 1872 in
183 1809 283 1874 nuslra
304 1811 486 1875 tumulantur
513 1810 693 1960 Athenrieqfi
714 1811 854 1890 Ecclesra,
878 1829 911 1876 ut
927 1814 978 1878 suo
994 1811 1081 1878 Loco
1095 1815 1254 1878 narrabitur
1279 1811 1330 1893 (c).
1376 1808 1467 1889 Quod
1480 1809 1565 1893 igitur
1592 1807 1775 1872 omnnem

140 1895 233 1975 ajtmt,
259 1898 288 1959 a
305 1897 535 1981 lie-magduni,
556 1895 641 1968 idem
670 1897 792 1976 ortaliis,
814 1920 865 1962 me
874 1898 974 1978 inscio,
996 1899 1077 1981 aiunt
1089 1902 1119 1964 ἃ
1132 1900 1196 1965 aliae
1215 1919 1267 1984 per
1283 1896 1455 1961 Universum
1469 1897 1642 1960 Hiberniam
1656 1893 1785 1978 spesin-⁸

140 1980 214 2046 biles
243 1981 404 2058 renium
428 1984 578 2046 enimvero
602 1982 638 2047 de
664 1985 839 2050 Traditioue
866 1988 1088 2070 Berminghana
1114 2008 1175 2052 nun
1196 1990 1278 2062 uam,
1300 1985 1417 2067 opinor,
1451 1983 1609 2068 quidquam
1631 1981 1771 2063 audirem,

140 2066 193 2133 nili
215 2088 289 2133 cum
301 2068 475 2133 nobililirma
489 2068 537 2133 illa
550 2066 680 2155 Prosapia
688 2072 837 2157 ingentem
852 2072 1012 2138 habuissem
1021 2009 1285 2145 Neceliitudinem,
1299 2085 1333 2132 ut
1345 2069 1631 2154 consanguinitatem
1646 2083 1771 2132 taceam.

179 2157 244 2221 Xl.
270 2158 366 2218 Sana
393 2153 416 2218 st
441 2154 623 2234 Conjesluris
646 2156 716 2221 adfrt
740 2157 855 2235 Locus,
875 2161 1041 2245 omniaque,
1064 2174 1098 2223 ut
1126 2180 1177 2242 par
1201 2158 1251 2240 ess,
1280 2156 1481 2221 semoveantur
1506 2154 1637 2219 Pettium
1659 2153 1771 2236 Studia,

140 2241 251 2307 remus
266 2241 408 2326 quadrme
419 2242 536 2318 viderur,
546 2242 767 2328 Berningbana
775 2244 914 2308 Traditio
923 2252 1013 2332 quam
1025 2248 1223 2312 omnnem.
1270 2241 1506 2327 Qrippenedt'm
1519 2241 1653 2305 Waraens
1666 2239 1769 2317 refert,
1876 2307 1879 2314 r
1955 2303 1966 2314 ,

137 2326 184 2394 scd
197 2331 228 2393 er
239 2329 271 2391 in
286 2328 421 2392 confesso
431 2327 472 2392 est
487 2328 565 2414 apud
583 2349 704 2406 omnes,
726 2327 912 2480 Athenrienpe
924 2331 1102 2396 Caenobium
1118 2334 1258 2398 aMilone
1275 2332 1309 2393 de
1324 2328 1527 2411 Berningbam
1544 2325 1702 2391 mnarum
1718 2331 1768 2392 su·

21 2397 22 2428 ¹
137 2415 199 2491 ilie,
210 2414 366 2500 ipsumque
381 2414 521 2480 Milonem
527 2414 632 2478 ibidem
646 2413 799 2499 sepultum,
810 2433 843 2481 ut
857 2440 876 2480 u
899 2421 975 2483 eritis
985 2416 1325 2484 suodedarabiturLoco
1337 2417 1392 2496 (d),
1406 2415 1454 2478 ubl
1469 2409 1586 2478 Waraei
1596 2415 1696 2477 Verba
1708 2436 1765 2495 op·

137 2499 293 2587 muniris
308 2499 516 2566 exscribentur.
561 2500 714 2566 Neutrum
741 2516 841 2568 tamen
854 2502 892 2567 de
913 2507 1045 2591 Principe
1070 2507 1255 2574 O·Donnelln
1275 2502 1441 2566 verificatur
1469 2498 1615 2583 Respeslu
1635 2501 1768 2579 Caenobii

138 2585 296 2672 versaſse
342 2585 448 2650 Nemo
468 2585 607 2673 srquidem
622 2590 717 2652 adbuc
734 2589 818 2666 dixit,
840 2611 923 2670 cum,
945 2607 996 2655 aut
1021 2613 1227 2676 quemcunque
1258 2607 1298 2654 ex
1324 2588 1386 2668 ejus
1417 2584 1556 2663 Posteris,
1579 2586 1607 2648 iu
1634 2585 1772 2673 Derierfi

137 2678 295 2751 Cenobio,
311 2671 361 2736 vel
376 2673 513 2750 Ecclesia,
529 2675 710 2741 tumulatum
721 2675 817 2741 suilie.
851 2676 892 2741 Et
907 2683 1086 2764 quamquim
1101 2679 1285 2749 sisenandus,
1300 2678 1329 2739 dc
1345 2673 1464 2761 quidem
1480 2671 1620 2757 ipstsolua
1633 2695 1650 2738 e
1665 2675 1767 2757 Scrip-

21 2739 22 2800 3
137 2759 247 2824 tomus
260 2761 419 2839 muaneis,
430 2782 471 2825 ex
483 2761 671 2842 Conjeiiuris
683 2762 778 2826 dicere
789 2763 934 2843 videatur,
949 2765 985 2828 ab
998 2787 1036 2829 eo
1049 2764 1249 2828 construsium
1262 2761 1345 2826 fuisse
1356 2759 1537 2825 Canubium
1551 2757 1635 2838 llud,
1649 2760 1707 2823 hoc
1722 2761 1769 2824 ni·

21 2851 23 2890 ³
137 2846 290 2911 bilosecirls
314 2841 443 2912 fusium
466 2846 547 2912 unici
567 2846 669 2916 fundat
691 2847 775 2929 super
790 2848 941 2933 praetcnsas
965 2854 997 2918 S.
1013 2853 1200 2917 RDoninici
1213 2850 1249 2914 ad
1274 2847 1428 2912 laudatum
1451 2845 1614 2930 Principem
1636 2843 1763 2922 Literas,

221 2938 497 3085 epimeqnunqpa‘rap
511 2934 606 2998 missas
614 2935 698 3001 fatue
711 2932 830 3020 ipsemet
839 2937 979 3021 opinatur
990 2938 1172 3014 Annonam,
1185 2951 1219 3000 ut
1228 2956 1268 3001 eu
1281 2936 1340 3015 ejus
1354 2931 1480 3018 superitls
1494 2932 1535 3017 (e)
1549 2930 1642 2995 allatis
1658 2930 1764 2996 Verbis

226 3024 241 3083 l
265 3041 307 3083 en
329 3025 396 3086 rana
499 3041 514 3083 s
578 3036 615 3086 re

21 3153 23 3190 ,
174 3106 372 3170 Cntnuuu
396 3107 507 3171 nollem
527 3033 596 3172 inde
620 3105 766 3172 marmur
788 3108 880 3172 minui
901 3107 1084 3175 Laudem&
1107 3105 1240 3171 Gloriam
1264 3103 1502 3189 praeclatiffituae,
1524 3106 1653 3190 olimque
1676 3103 1766 3189 regiae

21 3203 23 3236 l
131 3192 388 3258 ommium:
400 3196 541 3275 Familias,
564 3215 653 3279 quam
666 3193 790 3272 sumna,
805 3210 838 3257 nt
849 3217 901 3279 par
914 3195 965 3270 esi,
987 3195 1193 3270 veneratione,
1220 3209 1308 3278 atque
1329 3193 1435 3254 intimo
1458 3193 1693 3256 Praecordiorum
1707 3191 1764 3255 As·

130 3278 223 3359 sedin,
253 3277 427 3364 prosequor,
438 3284 541 3366 utpote
557 3277 669 3365 quaeab
685 3282 774 3344 Initio
788 3280 938 3365 superioris
950 3281 1055 3346 Saeculi
1069 3277 1145 3344 haud
1170 3282 1306 3366 exiguam
1329 3277 1469 3344 Nationis
1495 3279 1620 3344 [sirmia
1643 3278 1764 3344 Portio-

128 3384 199 3431 nem
222 3387 280 3449 pro
291 3365 372 3446 mdc,
399 3366 495 3451 Rege,
519 3368 548 3430 ἃ
565 3368 660 3433 Patria
670 3365 837 3451 deperdidit.
1413 3373 1416 3378 “

170 3455 255 3516 xli.
280 3453 331 3514 Ex
343 3455 387 3516 bis
400 3450 702 3538 omnibusperspicue*
717 3468 847 3537 apparet,
869 3451 983 3516 ouium
997 3452 1094 3515 adesse
1107 3449 1270 3535 legitimum
1285 3447 1522 3514 Fundamentum
1534 3448 1673 3514 asserendi
1691 3470 1769 3514 cum

128 3536 319 3604 Certitudine
334 3540 442 3626 aliqua,
464 3561 503 3603 ne
515 3539 610 3603 dicam
625 3539 843 3618 Probabilitate,
864 3541 977 3603 Div'um
990 3537 1186 3603 Patriarcham
1202 3538 1384 3601 Dominicunn
1398 3535 1526 3601 nostram
1536 3538 1704 3601 senriorem
1712 3536 1766 3598 Γη-

121 3624 220 3711 fidam
246 3623 298 3688 seu
314 3625 452 3710 personali
467 3624 633 3701 Praesentii,
655 3624 703 3689 seri
719 3627 807 3689 etiam
829 3625 903 3689 datis
926 3620 1032 3689 Literis
1055 3623 1260 3689 cohonestare
1309 3622 1459 3687 Praevideo
1478 3621 1563 3706 plane*
1585 3621 1663 3683 haud
1676 3619 1763 3683 defn-

129 3727 212 3776 turos
225 3711 364 3777 inoslris
373 3713 523 3794 Hibernis,
545 3709 773 3779 minusfortalle
789 3711 875 3793 (absit
902 3712 1010 3793 injuria
1029 3711 1143 3795 Verbo)
1166 3707 1298 3792 sensatos,
1323 3707 1454 3774 minusve
1471 3714 1490 3773 a
1506 3707 1758 3864 Pmuumapmdio

1666 3813 1762 3873 renos,

126 3944 1766 3982 ...-——-.-—-——t—-——-——-——-

162 4056 212 4134 (z)
233 4055 286 4115 De
298 4075 333 4116 eo
341 4056 446 4123 uberior
459 4056 554 4120 redibit
567 4057 666 4120 Sermo
673 4058 742 4140 Cap.
755 4079 802 4121 xe.
814 4056 902 4121 Num.
986 4060 1182 4133 NoveScorie
1191 4068 1209 4121 a
1218 4061 1314 4120 Carrio
1327 4059 1413 4137 Rege,
1422 4056 1504 4137 hujus
1517 4054 1646 4118 Nominis
1659 4061 1767 4129 Ptine,

126 4155 186 4198 xxm
986 4139 1083 4199 literis
1097 4141 1263 4208 Parentibus,
1277 4141 1361 4197 Anno
1378 4136 1449 4213 1635
1466 4138 1556 4205 datie,
1568 4139 1594 4196 in
1608 4157 1677 4216 quus
1690 4136 1761 4196 bisce

162 4215 208 4291 (a)
219 4213 430 4276 Conmlendum
438 4214 628 4295 Cappraeced.
640 4215 726 4276 Num.
737 4219 778 4278 xi.
787 4217 901 4296 Pomm.
986 4217 1091 4277 Diebus
1115 4218 1228 4277 intuite
1254 4218 1342 4278 incidi.
1384 4214 1467 4294 Ipsius
1491 4216 1639 4293 Ptonepos,
1668 4215 1761 4292 [imn-

163 4294 209 4371 (b)
231 4293 312 4353 Nur
320 4293 360 4352 est
375 4293 506 4353 Caliium
519 4293 817 4356 AllodialeBrunnnun
827 4297 903 4372 (Αιι-
987 4319 1032 4355 nes
1059 4297 1190 4364 Brnwne.
1219 4297 1256 4354 de
1268 4295 1339 4373 West
1355 4310 1408 4364 arr,
1448 4307 1555 4353 creatus
1570 4294 1623 4352 sirit
1639 4293 1713 4352 Baro
1724 4293 1760 4350 de

215 4372 359 4441 Βηωιν)
394 4373 598 4453 inMnyenenſs
617 4375 700 4451 Agru
717 4375 854 4445 Conarie,
884 4378 902 4433 ὲ
985 4375 1297 4454 Morene-liugli.i.ede
1342 4383 1406 4432 onte
1414 4373 1554 4452 Aquilino,
1564 4369 1742 4444 Annor76ot

97 4485 101 4496 ·
148 4457 240 4521 runis,
275 4449 491 4510 Viceoumitibun
512 4452 548 4510 de
573 4454 785 4524 Mommsenio,
818 4450 903 4546 vulgo
961 4513 964 4516 Α
1027 4453 1067 4531 (e)
1089 4452 1157 4530 Cap.
1172 4453 1208 4512 ix.
1233 4452 1330 4525 §.viil
1352 4450 1489 4538 Nomii.
1513 4449 1560 4511 ubi
1581 4446 1702 4510 manill
1722 4446 1760 4506 de
1928 4508 1935 4522 ‚

126 4531 315 4597 Mmsmte,
335 4529 500 4598 indulsi,
526 4529 617 4590 adhuc
631 4529 790 4601 Catholicis,
810 4551 902 4591 0ttun-
985 4531 1099 4591 Bernrin
1118 4531 1199 4591 banea
1209 4521 1339 4610 Prosopia.

125 4606 228 4696 durum
271 4608 356 4668 Porto
364 4552 492 4687 palinuri
505 4607 901 4690 GeorgijProavue‚Jnnnner,
1028 4610 1072 4689 (d)
1093 4556 1205 4670 ibidem.

126 4704 246 4764 uquam,
263 4688 390 4769 Brennus
400 4688 438 4754 de
450 4687 535 4768 Neai,
555 4703 662 4756 creatur
675 4688 730 4753 suit
738 4687 902 4753 &nonestus
1029 4689 1068 4774 (e)
1089 4688 1177 4754 Num.
1199 4688 1251 4796 riti
1270 4687 1355 4771 hujus
1369 4686 1484 4771 Capitis,
1502 4685 1565 4764 Peg.
1577 4696 1629 4804 ᾖ,
