4017 5217
225 31 324 164 380
709 25 951 143 Hibernia
988 44 1313 143 Dominicana.
1423 137 1430 153 ,

199 242 221 276 ‘⁴
240 240 369 303 Iollitiitu
379 261 428 323 pto
437 241 495 323 nlijs
506 237 563 305 fieti
573 242 791 319 consueverunt,
804 238 889 307 Nobis
900 250 1032 329 nuperad
1047 250 1160 309 eandem
1175 248 1339 316 Ecclesiam,
1349 232 1556 306 Dominicislie
1566 235 1743 322 possessum
1754 233 1828 323 eius·

198 324 220 357 ‘¹
242 325 306 383 dein
320 323 345 382 ss
363 322 502 385 Dominici
511 325 623 385 Sacrum
642 327 761 394 rhetoris,
772 341 797 386 et
812 320 1012 388 Monasterium
1022 324 1223 394 secedentibus,
1237 328 1336 408 exponi
1350 323 1572 404 lecerunt,quod
1586 323 1711 382 nirnitiim
1726 324 1771 384 fel.
1783 347 1827 385 te·

198 403 220 436 “
243 404 319 482 cord.
342 403 504 482 Beneditlus
518 406 590 483 Papa
606 405 684 479 Xlll,
699 407 802 485 quippe
815 408 863 486 qni
876 407 998 484 ejusdem
1014 409 1124 467 Ordinis
1138 410 1347 469 Praediczrtorum
1362 406 1426 467 olim
1438 404 1587 472 Alumnus,
1601 403 1704 462 dissum
1719 399 1829 464 Locum

197 484 220 514 ‘¹
243 480 268 540 S.
286 481 354 542 Sinti
367 484 486 556 Veteris,
496 505 579 563 quern
589 473 797 563 ipsarummet
808 507 863 546 non
873 495 929 547 taini
940 486 1100 556 Domitilio,
1110 497 1194 567 quam
1205 488 1310 566 eximiis
1321 487 1476 547 Virtutibus
1493 499 1525 541 ae
1538 480 1624 620 Signis
1637 480 1826 556 illustraverat,

198 563 221 594 “
243 560 368 642 fingulari
384 563 481 622 Studio
490 564 695 630 celebrandum,
716 566 782 624 &in
796 586 860 625 eum
878 566 1238 646 quovisiturAEditiciotum
1256 569 1549 642 ornamentorumque
1584 578 1684 630 tatum,
1703 582 1756 621 non
1773 563 1826 626 sine

197 643 219 673 “
241 644 346 720 magnis
355 643 524 720 Sumptibtis,
536 639 725 703 reducendum
735 661 894 714 curaverat,
908 660 976 705 tunc
986 647 1166 706 existentibus
1176 647 1392 716 Moninlibus,ut
1402 644 1484 705 semel
1495 641 1641 722 quotannis
1652 641 1687 699 ad
1701 643 1826 703 antedic-
1860 701 1863 706 ,

197 723 220 753 “
243 735 270 779 ta
282 722 392 781 Pietatis
403 722 503 781 Officia
512 723 710 784 Consororibus
720 722 772 784 suis
780 726 808 782 in
821 726 917 784 eodeni
929 723 1018 785 Sanin
1029 724 1096 785 Sirri
1106 724 1215 786 Veteris
1224 725 1393 785 Mouasterio
1402 720 1550 792 damnetis,
1563 723 1587 777 δι
1598 720 1625 780 in
1640 718 1762 781 Ecclesia
1775 723 1826 782 ibi-

196 802 219 832 “
241 801 306 859 deni
321 801 369 860 abs
384 799 410 859 se
420 802 570 880 instauratis
585 805 610 859 st
624 803 730 862 affitbre
745 803 874 864 intimetis
885 801 950 864 olim
962 803 1071 882 sepultis
1086 803 1235 864 serventibs
1245 804 1433 883 persoluenda,
1448 810 1465 861 ὲ
1479 821 1551 861 noto
1563 799 1732 859 Moriasterio
1745 821 1825 880 egre-

196 879 219 911 “
240 877 344 939 dientes
352 873 450 939 debitis
460 900 524 940 euni
535 875 716 941 cautionibus
728 881 764 939 ad
774 878 910 942 Effeslum
919 883 1076 961 hujusmodi
1085 884 1138 943 sese
1148 886 1182 942 ad
1193 885 1358 944 antedistam
1370 881 1390 940 S
1408 883 1474 942 Sinti
1485 880 1590 939 Veteris
1596 874 1745 939 Ecclesiam
1756 901 1825 940 eon-

196 963 220 991 “
242 957 356 1031 ferient,
370 958 463 1039 ibique
473 981 522 1039 per
532 961 587 1020 inte
641 983 667 1019 rn
682 959 764 1019 Dlem
775 961 873 1021 Oricia
888 979 1040 1022 memorata
1049 963 1164 1032 obirent,
1177 963 1329 1043 Pictisque
1339 963 1460 1023 facerent
1470 960 1542 1030 satis,
1553 961 1588 1019 de
1603 956 1728 1037 peculiari
1740 960 1824 1020 Man·

195 1041 220 1070 ‘⁸
241 1037 317 1108 dato,
328 979 768 1118 atqueApostolicadziiignitate,
785 1045 810 1099 a
824 1041 997 1101 Austoritste
1006 1040 1131 1120 injunxit
1148 1042 1292 1181 Pollffiiam
1303 1059 1398 1101 autern
1414 1039 1626 1119 Sapientisliruus
1641 1038 1766 1099 Pontifex
1774 1060 1823 1133 pet

195 1120 219 1148 ¹⁴
240 1114 379 1178 Biennium
391 1118 561 1196 probaverat,
573 1117 603 1176 id
612 1123 646 1179 eis
660 1117 787 1197 regularis
797 1117 950 1200 Disciplina
960 1121 1144 1182 observantia
1153 1142 1206 1200 pra
1231 1123 1299 1182 'tnni
1314 1121 1403 1191 fuisse,
1417 1133 1449 1180 ut
1465 1119 1528 1178 nihil
1543 1117 1739 1189 inordinatum,
1753 1120 1823 1181 nihil

193 1195 217 1228 ⁴⁴
238 1193 409 1275 irreligiosum
419 1196 567 1267 accidisset,
576 1198 643 1255 dum
655 1195 823 1276 Apostolicas
834 1199 894 1259 suas
903 1200 930 1260 in
940 1196 1016 1259 simili
1024 1200 1124 1259 Forma
1134 1200 1337 1260 BrevisLiteras
1348 1200 1428 1279 snper
1437 1197 1621 1276 lndirlgeniia,
1632 1194 1675 1254 seit
1687 1197 1823 1272 Licentia,

193 1277 218 1307 “
240 1269 299 1346 &F
299 1275 419 1335 scultare
434 1276 599 1347 hn'usmodi,
612 1278 751 1355 perpetuis
764 1278 863 1338 saturis
873 1278 948 1339 Tem
987 1277 1060 1342 ribus
1070 1279 1272 1349 mumadam
1286 1277 1570 1349 meditabatur,me
1582 1275 1708 1336 universae
1724 1277 1823 1339 Carnis

192 1357 219 1390 ‘⁸
238 1352 443 1432 ingressussnit.
465 1298 924 1435 siapropierssxponentespraesatae
964 1359 1020 1417 obis
1030 1358 1131 1437 pariter
1144 1360 1284 1419 humiliter
1299 1356 1440 1437 supplicari
1454 1357 1593 1428 fecenint,
1607 1354 1695 1415 utstbi
1708 1357 1736 1415 in
1750 1377 1821 1435 pte·

192 1433 219 1466 “
238 1434 320 1493 missis
329 1437 483 1513 opportune
513 1436 645 1506 rovidere,
661 1441 698 1507 br,
708 1450 741 1496 ut
750 1435 832 1509 infre,
842 1438 878 1496 de
891 1436 1060 1516 Benignitate
1074 1438 1229 1516 Apostolica
1238 1437 1376 1517 indulgere
1385 1439 1566 1515 dignaremur.
1586 1432 1646 1494 Nos
1657 1433 1762 1513 itaque,
1772 1438 1823 1516 qui
1863 1460 1868 1466 “

191 1515 217 1625 2
238 1519 373 1651 {uantum
384 1514 474 1573 eidem
486 1453 636 1609 lleuedicto
642 1515 832 1610 Praedecess'ori
841 1517 1000 1588 debeamus,
1013 1522 1040 1575 δι
1052 1516 1148 1596 quanti
1155 1516 1240 1596 ipsunt
1252 1516 1385 1577 siciamus
1393 1518 1462 1576 bene
1470 1515 1580 1595 quidem
1590 1513 1774 1608 intelligimus,
1785 1536 1820 1576 ac

190 1641 227 1782 ::²
236 1591 1819 1808 ,faituirusirritatausterissima:sattitulerisastiterat

262 1750 430 1813 eclesiasticis
445 1751 599 1822 Sententia,
616 1751 757 1824 Censoris,
773 1758 797 1812 δι
812 1755 909 1823 Paenis,
928 1752 1037 1831 aJure,
1057 1753 1100 1812 vel
1112 1756 1147 1813 ab
1166 1753 1297 1823 Homine,
1312 1753 1408 1833 quivis
1418 1752 1569 1813 Occasione
1580 1748 1625 1811 vel
1638 1750 1732 1813 Cauri
1746 1754 1821 1827 latis,

190 1832 214 1863 ‘⁴
235 1825 254 1890 si
282 1825 381 1911 quibus
408 1829 567 1911 quomodoli
603 1844 614 1890 t
639 1830 777 1891 innodatae
810 1829 940 1904 existunt,
968 1834 1003 1892 ad
1031 1832 1169 1893 Effedum
1198 1831 1373 1912 praesentinus
1408 1833 1544 1893 duntaxat
1579 1830 1818 1910 consequendum,

190 1911 215 1944 ‘⁶
236 1907 336 1970 harum
347 1910 422 1986 Serie
429 1909 609 1984 absolventes,
630 1909 801 1971 &absolutas
811 1911 870 1972 sore
885 1911 1040 1982 censentes,
1054 1911 1115 1991 ipsis
1124 1912 1262 1972 modernis
1274 1932 1307 1971 ac
1317 1932 1367 1990 pro
1380 1910 1520 1990 Tempore
1529 1910 1704 1970 existerimus
1721 1909 1819 1972 Moni-

189 1991 214 2024 “
234 1984 320 2049 allbus
333 1985 465 2070 profestis,
486 1987 617 2068 Novium,
638 1989 804 2062 Educendis,
825 1990 981 2063 Conversis,
1000 1988 1114 2069 alijsque
1128 1992 1157 2050 iir
1180 1989 1351 2049 Monasterio
1364 1990 1519 2068 hujusmodi
1538 1988 1709 2067 degentibus,
1729 2006 1761 2048 ut
1774 1990 1818 2050 se-

188 2069 213 2104 “
235 2067 325 2128 melin
335 2068 419 2128 Anno
432 2069 460 2128 in
473 2089 522 2150 per
560 2075 668 2130 tuume
682 2069 851 2131 Monasterio
863 2070 1006 2149 praefatos
1027 2070 1093 2141 redi,
1111 2074 1138 2128 tr
1151 2069 1188 2128 ad
1197 2069 1345 2135 Ecclesiam
1363 2067 1389 2128 S.
1403 2067 1470 2127 Sixti
1482 2066 1591 2126 Veteris
1605 2068 1750 2138 accedere,
1765 2068 1816 2130 rbi·

187 2149 213 2182 “
233 2165 290 2226 que
303 2146 510 2209 defuissem
522 2150 643 2210 ororibus
657 2147 711 2209 suis
733 2169 768 2209 ea
781 2147 980 2229 Sudingiorum
996 2088 1110 2222 ducta,
1128 2169 1190 2228 quae
1202 2151 1287 2228 juxti
1299 2148 1393 2207 datam
1404 2144 1450 2207 tibi
1459 2147 1481 2206 a.
1496 2143 1619 2206 Domino
1637 2147 1815 2209 Prudentiam

187 2228 214 2262 ‘⁴
233 2226 529 2306 praetmjidteirarts,
549 2227 699 2308 persolvere
712 2228 821 2308 poffint,
843 2233 870 2289 a
888 2226 1010 2308 valeam,
1033 2228 1146 2288 Terrore
1160 2226 1334 2308 presentium
1352 2224 1510 2306 Apostolics
1526 2225 1700 2286 Austoritate
1714 2246 1817 2289 conce·

187 2307 211 2341 ‘⁸
232 2305 334 2376 dimus,
356 2307 577 2388 &indulgemus
618 2307 723 2368 Verum
734 2325 767 2368 ut
777 2308 935 2370 sacoma
943 2309 1007 2383 rite,
1026 2303 1167 2368 &Ordine
1182 2308 1258 2377 fiant,
1278 2304 1353 2374 Tibi,
1369 2309 1456 2384 &pro
1469 2302 1611 2385 Tempore
1624 2304 1748 2366 existenti
1761 2305 1816 2368 Su·

186 2388 214 2422 “
233 2384 330 2465 periori
342 2385 500 2467 Monasterij
511 2386 678 2465 huiusmodi,
699 2396 754 2448 ond
766 2389 948 2449 eumduobus
968 2386 1142 2466 Consell'arijs
1154 2386 1219 2447 diui·
1237 2383 1397 2462 Monasterij
1415 2404 1465 2463 pro
1478 2383 1619 2464 Tempore
1632 2384 1715 2444 etiam
1737 2387 1815 2448 exis·

187 2466 212 2499 ⁸⁸
234 2465 365 2536 tentibus,
385 2461 505 2530 distrisle
523 2468 704 2547 praecipimus,
725 2471 752 2526 be
773 2471 948 2539 mandamns,
968 2483 1001 2527 ut
1023 2465 1197 2526 Facultatem
1211 2463 1369 2544 hujusmodi
1390 2482 1443 2522 non
1469 2462 1548 2522 aliter
1570 2481 1698 2524 exercere
1713 2464 1816 2541 finatis,
1925 2539 1930 2546 .

184 2548 210 2579 u
456 2539 464 2561 s
489 2544 497 2558 '
661 2545 670 2561 '
864 2549 871 2563 ·
1021 2547 1028 2562 ι
1059 2545 1066 2560 ·
1203 2543 1213 2563 x
1295 2546 1302 2559 ι
1470 2541 1477 2556 0
1622 2542 1633 2557 ,
1652 2543 1658 2550 .

184 2627 210 2658 ..
230 2551 555 2684 auritium
566 2545 730 2720 tuiti
762 2539 1813 2701 :sternuisseitamaruitittiimttsu

185 2701 211 2740 ⁴‘
231 2700 418 2781 Confessarijs,
437 2718 523 2785 atque
536 2719 619 2765 etiam
634 2707 802 2777 amodemo,
824 2713 909 2785 &pro
917 2706 1059 2784 Tempore
1068 2704 1199 2765 existente
1212 2701 1342 2763 Generali
1351 2701 1462 2761 Ordinis
1470 2700 1575 2779 praefati
1588 2701 1732 2781 Magistro,
1740 2724 1813 2783 qua·

184 2785 209 2820 ‘⁴
230 2783 311 2842 teritis
324 2775 451 2853 voluerit,
473 2785 643 2860 (dummodd
661 2801 716 2843 non
736 2783 798 2864 plus
819 2793 904 2864 quarn
927 2785 1072 2865 Qati'tor,
1098 2802 1150 2843 nec
1174 2783 1289 2842 minores
1312 2789 1397 2862 quani
1418 2778 1493 2840 Tres
1514 2779 1650 2862 existatis)
1666 2782 1813 2847 socientur.

183 2866 211 2900 “
230 2855 341 2924 Ereant
353 2861 420 2921 verri
433 2860 533 2923 nonnisi
548 2864 584 2922 ad
595 2863 699 2926 Ortum
709 2861 788 2935 Solis,
808 2867 843 2925 ad
858 2865 998 2926 Occasuin
1011 2877 1105 2932 sutem
1119 2863 1191 2923 inne
1202 2861 1267 2922 dieti
1285 2858 1444 2936 Monasteiij
1457 2857 1617 2919 sannorum
1632 2857 1770 2922 Dominiei
1783 2864 1812 2922 be

182 2948 207 2979 ‘¹
229 2939 297 3004 Sitti
310 2939 472 3002 clausuram
558 2942 655 3004 santur.
696 2939 836 3003 Exeuntes
849 2952 979 3023 praeemit
987 2942 1110 3002 Basilicas
1133 2941 1160 3000 S.
1172 2942 1243 3001 Petri
1253 2938 1384 3019 Principis
1403 2936 1599 3030 Apostolorum
1613 2940 1649 2997 de
1664 2938 1741 2999 Urbe
1754 2942 1813 3020 pri·

183 3027 208 3060 ‘⁴
229 3021 320 3095 mini,
339 3020 440 3082 deinde
459 3016 486 3082 S.
574 3021 605 3084 ’π
627 3021 754 3101 Majoris,
778 3022 859 3082 tertio
878 3023 905 3085 S,
928 3022 1040 3100 Joannis
1061 3023 1088 3083 in
1104 3019 1260 3092 laterano,
1279 3019 1393 3079 demitrii
1407 3018 1508 3076 dream
1524 3016 1672 3078 Ecclesiam
1696 3018 1722 3079 S.
1740 3018 1810 3081 Sirti

183 3108 206 3140 ‘⁶
230 3101 341 3162 Veteris
355 3103 431 3161 testo
450 3098 588 3173 Tramite,
604 3106 630 3160 δι
641 3122 689 3181 per
699 3099 864 3163 VinmitTe
874 3103 1047 3163 indicandam
1058 3102 1112 3162 hoc
1132 3097 1236 3159 Ordine
1254 3098 1414 3164 invisendas.
1434 3095 1557 3156 obdustis
1570 3096 1710 3157 Curruum
1725 3099 1814 3160 Vela-

181 3185 205 3216 “
226 3179 283 3252 rl'r,
303 3179 350 3242 vul
371 3179 569 3255 dllandinelle,
595 3195 703 3260 petant,
727 3180 824 3241 Velum
839 3187 906 3241 ante
923 3181 1036 3243 Facient·
1049 3179 1191 3242 demissum
1205 3178 1349 3238 deserant:
1370 3176 1553 3237 Revertentes
1576 3178 1674 3235 eodem
1690 3175 1809 3253 Ordine,

182 3265 206 3296 ‘⁴
228 3202 274 3318 (sd
287 3279 335 3338 per
348 3199 458 3320 itania
472 3259 518 3319 Te
528 3259 628 3341 pariter
637 3259 810 3321 indicandam
821 3255 960 3341 proprium
972 3259 1171 3322 Monasterium
1193 3273 1324 3337 repetant.
1370 3255 1476 3349 Caetera
1491 3261 1556 3326 vero?
1593 3267 1636 3315 ute
1651 3255 1807 3319 Occasione

181 3343 205 3375 ‘¹
228 3335 334 3409 Eritis,
356 3337 525 3418 Reditbsque
549 3339 715 3418 hujusmodl,
737 3346 764 3400 be
777 3337 866 3399 More
878 3340 905 3401 in
919 3340 1031 3401 Pietatis
1044 3336 1152 3416 officijs
1172 3337 1364 3417 persolvendis,
1385 3335 1496 3415 aliquue
1510 3356 1585 3396 omni
1624 3337 1809 3416 speragendis

181 3425 205 3455 ‘⁴
226 3415 253 3478 iu
269 3413 389 3477 Ecclesia
411 3417 615 3479 &Monetam
645 3419 782 3481 rasatisS.
792 3418 859 3481 Sixti
875 3417 980 3480 Veteris
991 3418 1132 3488 secundm
1148 3416 1297 3478 necessario
1312 3414 1516 3476 statuendaesse
1529 3436 1625 3475 corum
1640 3413 1704 3475 Deo
1717 3417 1808 3477 existi·

181 3504 205 3535 “
226 3494 355 3568 manetis,
374 3493 413 3557 iti
425 3491 461 3554 ad
476 3512 555 3557 tuum
565 3498 715 3558 Arbitrium
726 3498 839 3570 statuas,
858 3499 976 3570 ordines,
996 3517 1031 3558 ac
1039 3497 1176 3576 disponas,
1196 3512 1293 3557 utnon
1307 3491 1483 3562 Hominibus,
1504 3493 1550 3554 sed
1563 3494 1611 3556 uni
1624 3494 1689 3555 Deo
1696 3495 1807 3575 placere

180 3584 204 3616 ‘¹
226 3575 361 3657 satagens,
381 3576 526 3635 abeodem
541 3576 702 3635 Mercedem
712 3577 891 3656 consequaris
935 3577 1084 3656 Postquim
1099 3589 1193 3636 autem
1213 3575 1314 3643 omnia,
1335 3588 1368 3634 ut
1387 3573 1571 3651 premittitur,
1595 3573 1707 3645 statuta,
1731 3576 1807 3635 ordi·

179 3666 204 3696 ⁴¹
224 3671 301 3731 nata,
321 3653 408 3717 aedis
439 3652 487 3714 sita
500 3653 588 3734 prims
602 3651 673 3714 Viee
687 3655 842 3734 probaveris
854 3657 918 3727 rite,
937 3655 1082 3726 sesanna,
1105 3660 1130 3714 st
1145 3656 1199 3715 sirie
1209 3653 1335 3733 religiosa
1343 3652 1526 3732 regularisque
1540 3651 1691 3731 Disciplina
1709 3653 1805 3717 Detri-

180 3748 203 3776 “
225 3755 330 3809 mento,
352 3741 378 3795 di
392 3671 447 3795 snae
462 3730 559 3814 Populi
567 3732 727 3793 Offensione
744 3735 907 3813 procelliss'e,
921 3735 960 3797 tra
969 3735 1145 3815 imposterum
1164 3734 1269 3813 semper
1279 3732 1422 3802 servanda,
1442 3749 1478 3791 ae
1496 3730 1671 3791 custodienda
1686 3733 1804 3812 prescri-

180 3827 202 3857 “
223 3815 283 3890 bas,
303 3835 394 3889 eures,
422 3829 506 3894 atque
528 3810 674 3893 precipias.
715 3814 801 3874 Porro
824 3814 842 3873 fi
865 3812 1004 3893 Superior,
1023 3812 1079 3873 five
1092 3812 1265 3892 Confessarij,
1284 3810 1340 3871 rive
1364 3809 1500 3870 Moniales
1517 3830 1699 3891 quecunque,
1719 3813 1802 3876 etiam

181 3903 202 3937 ⁸⁴
224 3894 342 3957 Priorlll'a
385 3893 566 3973 oTempore,
587 3893 734 3954 existentes
745 3892 824 3953 aliter
834 3894 890 3954 hoc
898 3895 925 3953 in
934 3891 1066 3973 Negotio,
1086 3900 1171 3971 quam
1187 3892 1242 3952 tire
1265 3913 1314 3970 per
1336 3888 1464 3968 Nosipsos
1487 3889 1599 3951 Tenote
1617 3891 1800 3972 praesentium,

179 3986 201 4016 ⁸⁴
224 3972 281 4035 tire
325 3997 338 4034 r
382 3993 400 4034 e
417 3973 604 4054 praescriptum
636 3987 784 4053 receptum
804 3993 840 4033 ne
850 3971 941 4043 fuerit,
956 3972 1081 4045 fecerint,
1093 3971 1207 4052 quibbet
1215 3992 1322 4043 eorum,
1336 3982 1385 4030 aut
1395 3967 1521 4062 quaelibet
1534 3989 1630 4028 earnm
1644 3971 1804 4051 subjiciatur

178 4068 200 4099 ⁴⁸
222 4056 285 4115 Paen
296 4054 352 4116 sad
365 4054 515 4115 Arbitrium
526 3991 652 4134 Magisri
665 3996 811 4112 Generalis
819 4052 931 4113 Ordinis
939 4072 989 4133 pro
999 4050 1141 4130 Tempore
1149 4051 1286 4111 existentis
1295 4053 1432 4110 duntaxat
1446 4050 1615 4127 imponendis
1631 4055 1656 4109 de
1671 4050 1801 4114 laxandis.

178 4147 200 4177 ⁸⁴
223 4133 351 4215 Denique
361 4130 769 4229 quemadmodumopersuasnrn
781 4132 927 4227 babemus,
947 4131 993 4191 Te
1007 4133 1037 4225 in
1052 4131 1188 4226 premissis
1210 4129 1339 4224 omnibus
1355 4129 1393 4190 ita
1406 4128 1546 4223 gesturum
1562 4127 1627 4201 esse,
1642 4146 1676 4187 ut
1689 4131 1802 4211 praela·

147 4331 153 4344 .
178 4207 1801 4371 11stabilissimussittltrizlalst'tis‘slttt'tbtttttbltlttistitus

176 4387 200 4416 ⁴‘
221 4376 275 4436 esse
290 4372 521 4444 sonorissimus,
539 4391 574 4431 ex
588 4370 713 4452 bocipso
725 4370 887 4452 Aposlolieoe
895 4370 960 4431 Beni
1000 4368 1084 4439 itatis,
1100 4372 1126 4428 ἃ
1151 4369 1327 4429 Providentiae
1339 4366 1459 4443 Judicio,
1480 4367 1554 4445 quod
1570 4368 1678 4426 firmum
1702 4369 1756 4428 esse
1767 4391 1802 4430 ae

177 4467 199 4497 “
221 4448 454 4597 pepetiovalere
468 4449 642 4512 dicernimus.
684 4450 750 4510 Non
768 4450 934 4511 obstantibus
977 4447 1208 4519 onstitutionibns,
1230 4445 1506 4508 &Declarationibus
1523 4445 1696 4525 Apostolicis,
1717 4450 1799 4510 etiam

219 4559 247 4603 lsi

174 4544 198 4624 {f
221 4538 228 4554 '
283 4533 386 4616 oneilijs
399 4529 583 4596 Generalibns
595 4530 632 4593 de
643 4530 810 4595 msertanda
820 4527 953 4596 cursura
966 4529 1056 4607 editis,
1077 4532 1103 4592 a
1122 4526 1270 4609 specialiter
1288 4525 1434 4603 innovatis,
1455 4531 1481 4590 tr
1504 4526 1682 4603 conbustis,
1702 4529 1801 4670 qp'rbps
